3090 4986
257 451 315 506 Der
332 451 565 520 Ketaer·Katalog
583 451 629 505 dee
647 451 771 506 Bischofs
788 451 900 505 Meruta
918 467 971 506 von
988 450 1169 520 Maipherkat
1277 459 1314 519 17

129 623 224 674 rectae
242 619 274 672 in
291 618 457 687 quibusdam
476 619 643 674 conveniunt
659 618 734 675 inter
751 636 787 681 se,
805 619 834 672 in
853 618 1016 687 quibusdam
1033 633 1097 674 vero
1110 619 1247 684 differunt,
1266 618 1313 672 sed

128 703 260 758 omnibus
285 705 344 758 iere
365 705 422 758 illis
445 704 504 758 Arii
527 703 628 758 arridet
650 704 796 760 sententia.
833 703 887 758 Hic
908 705 1002 757 autem
1025 703 1135 758 dicebat
1151 703 1238 758 fllium
1256 720 1314 758 esse

129 793 296 851 creaturam,
323 789 368 842 cui
397 788 548 844 Eunomius
575 789 740 859 subscripsit
784 789 816 842 ln
845 789 928 843 sacris
956 791 1052 844 tamen
1078 789 1217 859 scripturire
1243 787 1314 842 nihil

128 874 322 929 immutarunt.
350 873 508 928 Macedonii
520 873 628 929 divema
638 873 694 929 fuit
704 873 847 942 senmntia,
866 873 953 928 tilium
965 873 1038 927 enim
1050 873 1313 928 consubstantialem

127 958 203 1029 patri
221 959 348 1025 docebat,
365 957 493 1028 spiritum
510 975 575 1014 vero
591 964 716 1014 sanctum
733 975 787 1012 non
804 957 879 1022 item,
898 959 945 1014 sed
958 975 1015 1013 esse
1028 959 1148 1013 creatum
1161 958 1313 1022 etinctum,

128 1059 163 1096 ac
188 1046 340 1114 propterea
365 1043 488 1099 omnium
514 1043 708 1114 scripturarum
734 1058 873 1096 sacrarum
899 1043 968 1108 loca,
995 1061 1067 1112 quae
1092 1043 1203 1114 spiritus
1226 1041 1313 1096 sancti

129 1131 269 1182 laetantur
287 1127 469 1192 divinitatem,
487 1127 599 1182 abrasit

215 1212 331 1266 Decima
348 1213 447 1281 quinta
464 1216 539 1267 secta
556 1213 839 1267 Montanistarum
868 1217 910 1267 est
938 1230 956 1272 a
980 1212 1122 1277 Montano,
1152 1211 1201 1280 qui
1228 1211 1312 1265 etiam

128 1297 299 1378 Marianitas
317 1297 450 1364 dicuntur,
469 1315 535 1352 nam
553 1297 589 1352 ob
605 1297 759 1352 marimum
777 1315 858 1366 quem
882 1297 1042 1352 deserebant
1058 1296 1162 1351 Mariae
1180 1297 1311 1350 honorem

128 1387 158 1436 et
174 1383 360 1438 reverentiam
373 1382 504 1437 deitatem
525 1382 576 1453 ipsi
594 1382 780 1446 conferebant,
799 1381 956 1436 asserebant
971 1383 1116 1450 praeterea
1132 1379 1312 1434 Archonitam

128 1482 192 1518 eum
219 1465 273 1520 illa
289 1467 481 1521 commercium
499 1465 635 1530 habuisse,
661 1483 695 1522 ex
719 1483 774 1534 quo
797 1467 869 1520 filins
892 1466 935 1520 dei
953 1469 1035 1520 natus
1059 1468 1107 1520 est
1136 1465 1220 1518 Plura
1242 1464 1311 1518 mire

128 1550 260 1604 fabulosa
270 1553 299 1604 et
310 1551 346 1606 ab
359 1550 432 1605 omni
451 1551 567 1606 veritate
585 1551 678 1607 aliena
694 1553 750 1606 imo
768 1551 921 1606 execranda
937 1550 992 1604 suis
1009 1551 1166 1605 immiscent
1181 1548 1310 1604 historiis.

127 1635 202 1704 Lege
220 1636 357 1690 nucitum
374 1639 414 1691 est
431 1635 505 1707 apud
523 1653 575 1704 eos,
593 1639 625 1691 ut
641 1640 738 1705 quater
755 1636 926 1691 celebrentur
945 1635 974 1688 in
988 1652 1060 1690 enno
1072 1633 1182 1698 ieiunia,
1201 1633 1312 1703 ringula

126 1719 176 1772 XL
193 1718 302 1774 diarum
319 1721 417 1790 spatio.
447 1721 599 1792 Scripturas
614 1721 797 1776 immutarunt
815 1724 843 1775 et
858 1720 905 1775 isti
924 1723 1008 1788 atque
1020 1721 1200 1788 corruperunt
1212 1735 1245 1774 ac
1256 1718 1311 1774 suis

128 1805 375 1860 accommodarunt
391 1807 419 1860 et
436 1805 613 1876 dogmatibus
630 1809 658 1860 et
675 1805 792 1860 assertis

215 1889 331 1945 Decima
347 1894 425 1946 sexta
433 1889 676 1945 Timotheietarum
693 1894 767 1945 secta
784 1893 833 1946 est.
859 1889 895 1943 Hi
913 1905 977 1944 vero
995 1905 1057 1941 cum
1074 1887 1200 1942 fidelibus
1218 1889 1309 1943 ortho-

128 1971 209 2028 doxia
235 1973 263 2026 in
293 1976 419 2030 omnibus
444 1975 611 2030 conveniunt
644 1991 695 2030 nec
720 1975 873 2030 catholicae
900 1973 1079 2028 adversamur
1104 1972 1233 2042 religioni
1261 1976 1310 2027 ant

127 2061 309 2128 corrumpunt
325 2060 478 2130 scripturae,
505 2062 552 2116 sed
570 2061 623 2114 hoc
640 2078 725 2114 unum
743 2060 808 2130 ipsis
826 2063 886 2114 erat
902 2057 1049 2128 proprium,
1073 2058 1147 2124 quod
1165 2057 1264 2111 divites
1281 2061 1310 2112 et

126 2141 275 2212 opulentos
292 2143 506 2200 contemnebant
523 2149 551 2201 et
571 2145 728 2210 reiciebant,
747 2145 883 2200 rationem
906 2143 973 2197 facti
985 2144 1107 2197 texentes
1119 2159 1153 2195 ex
1164 2141 1308 2211 evangelio

127 2227 251 2282 dicente:
269 2227 381 2292 „Estote
398 2236 430 2285 ut
447 2229 570 2286 volucres
588 2231 666 2294 coeli,
685 2247 756 2300 quae
774 2245 865 2297 neque
882 2231 976 2282 serunt
992 2243 1083 2296 neque
1100 2227 1209 2281 metunt
1220 2242 1308 2294 neque

124 2317 268 2380 reponunt
290 2313 318 2366 in
341 2314 445 2369 horreis
464 2318 492 2369 et
513 2317 590 2385 pater
612 2319 700 2370 vester
718 2315 769 2369 alit
787 2315 873 2370 eas.“‘
892 2313 1013 2368 Ulterius
1030 2313 1102 2366 hanc
1119 2327 1196 2384 suam
1213 2311 1308 2364 confir-

124 2399 207 2452 mant
233 2399 397 2452 sententiam
424 2415 458 2454 ex
483 2399 533 2454 illo
560 2400 666 2454 domini
693 2399 729 2454 ad
755 2398 903 2468 discipulos
929 2398 1043 2452 asserto:
1070 2396 1181 2462 „Nolite
1206 2395 1307 2450 habere

124 2481 311 2550 possessiones
337 2499 426 2550 neque
443 2484 609 2540 vestimenta
634 2501 724 2552 neque
741 2483 911 2538 domicilium
929 2499 1019 2550 neque
1036 2496 1129 2535 ocreae
1145 2494 1235 2547 neque
1252 2479 1306 2534 cal·

125 2579 196 2632 ceos,
216 2565 264 2620 sed
282 2571 473 2638 paupertatem
491 2569 620 2624 assumite
638 2568 741 2623 vobis“.
770 2567 939 2636 Quicumque
956 2567 1052 2635 itaque
1069 2565 1125 2619 suis
1143 2564 1307 2620 efferebatur

125 2647 234 2704 divitiis
252 2654 301 2705 aut
316 2651 360 2705 his
382 2652 561 2722 gloriebatur,
579 2653 729 2723 principem
746 2670 800 2707 non
813 2651 998 2722 patiebantur.
1023 2649 1207 2720 Monwasticam
1218 2647 1306 2702 vitam

124 2733 222 2788 laicali
238 2735 281 2789 ita
298 2722 497 2807 praeferebant,
520 2741 553 2792 ut
570 2738 764 2804 existimarent,
787 2737 860 2806 quod
878 2736 1042 2805 quicumque
1059 2735 1113 2789 hoc
1129 2751 1185 2788 non
1202 2732 1305 2803 ample·

123 2821 207 2872 xatus
233 2819 331 2874 fuisset
355 2822 521 2889 institutum,
546 2825 653 2892 partem
679 2837 736 2876 uon
760 2821 876 2876 haberet
898 2837 960 2874 cum
982 2820 1098 2874 Christo.
1133 2819 1211 2874 Hanc
1227 2835 1304 2874 suam

122 2902 289 2958 mandem
308 2907 506 2963 confirmabant
524 2923 558 2962 ex
578 2906 627 2962 illo
641 2905 743 2962 Obrieti
760 2906 864 2960 domini
882 2906 911 2960 in
929 2904 1072 2973 evangelio
1094 2905 1207 2957 asserto:
1225 2901 1306 2968 „Qui-

123 3003 244 3057 cumque
269 3007 325 3044 non
351 2991 467 3060 accipiet
488 3007 595 3046 crucem
621 3008 699 3045 suam
716 2993 745 3044 et
761 2993 888 3059 sequetur
904 3007 956 3058 me,
983 3007 1039 3043 non
1062 2991 1103 3042 est
1119 3005 1163 3042 me
1181 2987 1306 3056 dignue.“

125 3073 177 3127 Oui
195 3073 313 3128 canutio
329 3075 497 3130 adamussim
514 3075 748 3146 obtemperabant

211 3157 328 3212 Decima
339 3159 457 3229 septima
469 3163 511 3214 est
522 3163 597 3214 aecta
608 3160 884 3226 Noratianorum,
897 3159 944 3228 qui
958 3158 1124 3226 „Catharos“
1133 3158 1150 3212 i.
1156 3173 1178 3212 e.
1188 3156 1305 3211 mundos

127 3243 291 3312 semetipsoe
317 3243 504 3314 appellabant
542 3245 592 3298 leti
618 3243 743 3308 lavacris,
769 3243 1003 3314 purificationibus
1026 3259 1059 3298 ac
1078 3241 1188 3297 ieiuniis
1205 3243 1305 3313 iugiter

124 3343 239 3396 operam
257 3327 371 3391 dabant,
390 3329 433 3384 vel
450 3329 474 3383 ei
491 3329 607 3383 minima
624 3331 832 3392 contrectarent
849 3331 993 3400 praecipue
1012 3344 1074 3381 cum
1091 3343 1187 3398 corpus
1209 3345 1304 3384 exone·

123 3410 234 3464 rabant
260 3410 432 3483 Religionem
443 3414 601 3482 ceteroquin
614 3429 647 3468 ac
658 3413 741 3468 fldem
752 3413 888 3482 integram
901 3413 1055 3476 servabant,
1073 3412 1304 3480 quemadmodum

121 3499 151 3549 et
161 3511 256 3549 noros
267 3495 359 3560 libros,
377 3497 456 3551 nulla
472 3498 624 3552 mutatione
640 3497 722 3553 tacta.
752 3498 854 3552 Verum
871 3501 1027 3568 peccatores
1045 3496 1261 3567 aspernabantur
1278 3499 1306 3550 et

123 3579 338 3646 execrabantur,
369 3586 519 3637 asserentes
540 3583 648 3638 nullum
666 3599 723 3637 esse
740 3582 927 3652 poenitentiae
943 3582 1035 3636 locum
1052 3583 1114 3651 post
1129 3581 1303 3636 commissum

124 3665 239 3730 crimem
262 3664 407 3720 minimum
430 3667 466 3720 eit
482 3665 554 3721 illud
573 3666 616 3721 rel
635 3666 797 3731 maximum
816 3667 880 3720 hino
895 3667 1033 3721 neminem
1052 3665 1088 3719 ad
1105 3666 1303 3735 poenitentiam

121 3749 318 3814 admittebant,
341 3750 388 3805 sed
410 3751 505 3806 statim
527 3769 545 3806 a
561 3769 610 3806 suo
628 3751 804 3822 depellebant
820 3751 984 3808 commercio
1001 3753 1030 3805 et
1047 3750 1121 3820 apud
1139 3767 1167 3804 se
1184 3767 1302 3805 commo-

119 3834 175 3888 rari
194 3850 251 3888 non
269 3834 452 3903 patiebantur.

209 3918 321 3974 Praeter
340 3918 389 3974 bas
398 3925 486 3976 sectae
498 3924 577 3976 erant
588 3939 698 3990 quoque
710 3921 782 3976 aliae
794 3939 820 3977 n.
829 3921 904 3976 LXX
917 3939 985 3990 quas
997 3917 1124 3974 meminit
1135 3919 1167 3976 D.
1179 3919 1303 3976 Clemens

123 4003 241 4072 epistola
253 4004 287 4058 ll.
306 4001 410 4060 Harum
427 4023 477 4060 nos
494 4006 627 4076 dogmate
645 4009 673 4061 et
690 4010 792 4061 asserta
809 4006 892 4060 missa
909 4006 955 4058 hic
972 4003 1095 4070 fecimus,
1118 4021 1153 4058 ne
1169 4004 1303 4074 prolixior

121 4091 231 4159 praeter
248 4087 404 4144 institutum
422 4091 598 4160 protrahatur
615 4091 684 4145 baec
701 4093 793 4146 nostra
811 4091 955 4161 praefatio.

609 4298 818 4305 ——-..--.

174 4499 250 4544 Terta
263 4511 287 4544 u.
303 4497 524 4554 Untsrsucbungen.
544 4501 572 4544 N.
584 4501 609 4545 F.
624 4500 663 4552 Π,
679 4501 711 4544 rb.
