3090 4986
249 439 287 526 16
717 456 804 510 Adolf
819 456 956 513 Hernaclr.

246 625 394 680 redemisse
414 643 505 694 neque
528 642 561 679 ex
579 623 735 679 substantie
751 623 836 694 patris
854 639 912 677 esse
932 623 1062 678 volebant
1078 623 1161 678 sicuti
1178 640 1228 678 nec
1247 624 1333 678 etiam
1351 629 1432 695 spin-

246 714 306 764 tum
331 714 455 765 sanctum
479 711 674 764 vivificantem.
715 709 853 762 Christum
881 707 1020 762 hominem
1047 725 1106 762 esse
1128 726 1145 762 a
1167 709 1218 762 deo
1239 715 1374 773 creatum,
1401 719 1435 765 nt

247 793 337 847 Adam
364 797 392 848 et
420 812 620 864 quemcumque
646 797 768 848 nostrum
794 793 951 848 asserebant
973 797 1001 848 et
1022 793 1133 847 initium
1155 793 1279 850 altaria
1302 794 1434 850 habuisse

247 879 363 946 tentum,
381 881 500 948 quitum
518 897 565 950 per
582 879 700 948 gretiam
719 879 874 947 assumptus
893 877 928 931 ad
945 877 1059 932 humani
1076 877 1184 947 generis
1203 878 1320 934 salntem
1339 881 1434 935 huius·

248 978 301 1030 que
324 963 432 1018 divinae
455 965 562 1034 gratiae
585 962 714 1017 societate
736 961 884 1016 secundum
908 979 1028 1016 amorem
1055 966 1084 1016 et
1105 963 1333 1032 complacentiam
1360 965 1436 1020 filius

248 1046 292 1101 dei
312 1048 401 1102 dictus
419 1053 467 1105 est.
495 1049 595 1103 Omnia
612 1048 806 1118 ‘scripturarum
824 1045 892 1106 loca
910 1046 940 1099 in
957 1048 1057 1115 quibus
1075 1047 1178 1100 mentio
1195 1047 1227 1100 iit
1244 1048 1370 1119 principii
1381 1049 1435 1104 filii

248 1129 360 1199 eiusque
383 1132 537 1187 divinitatis
555 1136 583 1186 et
601 1131 734 1187 trinitatis
752 1131 921 1195 abraserunt,
940 1131 997 1186 alia
1014 1134 1069 1187 suis
1086 1132 1263 1200 dogmatibus
1280 1133 1436 1190 arridentia

247 1215 450 1282 substituentes,
469 1218 584 1272 retentis
602 1223 696 1272 tamen
714 1215 911 1286 scripturarum
928 1216 1019 1271 titulis
1037 1223 1067 1272 et
1083 1216 1249 1272 nominibus.

335 1301 458 1370 Septima
484 1306 558 1357 secta
581 1300 877 1364 Photinianorum,
905 1299 953 1368 qni
975 1303 1031 1352 tres
1048 1297 1155 1352 divinas
1173 1317 1301 1370 personae
1319 1319 1434 1374 compo-

248 1383 314 1438 sitas
340 1401 398 1438 esse
426 1389 571 1440 autumant
594 1389 622 1440 et
639 1384 834 1455 compositione
852 1383 879 1436 in
900 1401 986 1437 unum
1003 1382 1083 1437 coire.
1112 1383 1217 1438 Horum
1236 1385 1349 1454 quidam
1368 1394 1437 1444 sunt

248 1466 409 1522 Messaliani
427 1470 484 1526 sive
511 1473 628 1538 orantes,
655 1470 768 1538 qnidam
797 1485 862 1522 vero
888 1466 998 1537 insuper
1023 1467 1161 1523 Saiemani
1187 1470 1245 1524 sire
1271 1472 1435 1529 ieiunantes.

249 1551 375 1624 Hospites
393 1555 507 1608 comiter
524 1555 663 1625 excipiunt
680 1559 764 1623 atque
781 1555 901 1606 trectm
918 1555 947 1605 et
964 1550 1008 1605 die
1026 1557 1165 1622 noctuque
1181 1553 1302 1611 lacrimis
1314 1561 1343 1612 et
1355 1559 1433 1614 fletui

249 1639 314 1689 sunt
332 1637 426 1702 dediti,
449 1639 522 1707 qnod
542 1638 641 1694 Christi
660 1638 764 1692 domini
782 1637 947 1690 confirmant
968 1637 1125 1692 testimonio
1143 1641 1287 1695 asserentis
1303 1642 1333 1695 in
1351 1661 1435 1699 evan-

248 1722 334 1789 gelio:
359 1723 455 1788 „Beati
477 1724 610 1792 lugentes,
635 1724 701 1792 quia
722 1720 774 1793 ipsi
792 1721 981 1790 gaudebunt“.
1017 1721 1195 1776 vestimentis
1215 1729 1329 1782 utuntur
1346 1729 1436 1798 nigris

253 1809 281 1860 et
298 1823 393 1860 omnes
411 1806 519 1876 lugent;
537 1809 560 1862 si
578 1809 721 1876 quievero
739 1806 835 1872 riserit,
854 1821 917 1860 eum
934 1822 952 1858 e
967 1823 1016 1860 suo
1035 1805 1176 1876 depellunt
1192 1811 1335 1865 consortio.

335 1891 440 1945 Octava
468 1896 542 1946 secta
567 1891 791 1946 Barbarornm
821 1889 928 1952 dicitur,
957 1889 1005 1957 qui
1031 1889 1255 1958 obscenitatibus,
1283 1896 1434 1964 adulteriis,

249 1973 475 2030 fornicationibus
488 1980 514 2030 et
526 1977 615 2030 omnis
630 1974 820 2030 immunditiae
832 1973 978 2042 generibus
1000 1980 1065 2028 sunt
1085 1975 1180 2042 dediti,
1198 1981 1433 2044 quemadmodum

250 2061 278 2113 et
295 2059 410 2129 magicis
428 2060 532 2114 artibus
550 2064 579 2115 et
596 2061 723 2128 sanguini
742 2075 885 2130 puerorum
903 2059 939 2112 ad
956 2059 986 2112 id
999 2059 1172 2124 effundendo,
1191 2062 1316 2130 adeoque
1334 2063 1434 2120 horum

252 2143 310 2197 vita
327 2145 413 2214 turpis
431 2150 479 2210 eet,
498 2149 529 2199 ut
547 2144 628 2216 plura
644 2145 744 2200 referre
760 2161 816 2198 non
834 2144 924 2198 liceat.

337 2228 419 2283 Nona
435 2232 510 2284 secta
527 2229 785 2284 Phocalitarum
803 2231 924 2292 vocatur,
942 2229 1085 2283 samaritis
1103 2246 1156 2284 non
1172 2231 1349 2294 absimilium‚
1366 2235 1436 2301 qnia

252 2313 345 2367 omnia
366 2313 511 2367 immunda
538 2315 642 2368 ducunt
667 2331 700 2366 ac
724 2313 882 2383 praesertim
915 2321 1083 2368 mortuorum
1105 2315 1254 2380 cadavera,
1278 2321 1310 2370 ut
1331 2317 1354 2370 si
1372 2319 1435 2384 quis

252 2397 324 2451 diem
343 2415 422 2450 suum
440 2397 546 2464 obierit,
565 2399 613 2466 qui
631 2399 688 2452 eius
706 2399 861 2467 sepulturae
879 2413 971 2454 curam
990 2403 1077 2466 gerat,
1095 2399 1221 2455 mercede
1240 2401 1394 2456 conducant
1407 2407 1437 2458 et

251 2482 345 2535 statim
364 2481 483 2536 emedio
502 2483 543 2535 sui
563 2483 652 2536 efferri
671 2485 776 2535 curant.
807 2478 879 2532 aliis
898 2479 1012 2530 utuntur
1030 2479 1199 2535 vestimentis
1217 2484 1283 2536 dum
1302 2485 1435 2552 rendunt,

253 2570 348 2619 emunt
376 2569 404 2618 et
431 2567 624 2633 quodcumque
647 2566 723 2620 aliud
748 2563 889 2632 negotium
912 2565 1089 2630 pertractant,
1115 2563 1176 2618 aliis
1198 2565 1264 2618 dum
1291 2574 1379 2626 orant
1407 2571 1436 2625 Si

252 2650 313 2719 quis
337 2653 481 2704 extraneus
504 2649 584 2704 alicui
607 2650 727 2720 ipsorum
749 2648 868 2702 feminae
891 2649 1038 2702 occurrerit
1056 2651 1084 2702 et
1101 2665 1158 2702 rem
1176 2655 1285 2720 turpem
1303 2669 1365 2706 cum
1383 2654 1437 2709 illa

252 2734 355 2788 habere
374 2734 464 2800 vellet,
484 2735 566 2802 juxta
578 2751 642 2788 suae
660 2733 799 2802 religionis
817 2733 949 2800 dogmata
966 2739 994 2786 et
1011 2734 1150 2787 axiomata
1167 2734 1234 2788 haec
1252 2739 1375 2805 corporis
1393 2742 1436 2794 sni

251 2819 359 2889 copiam
378 2819 483 2888 petenti
500 2819 612 2874 omnino
622 2819 712 2874 facere
722 2817 828 2878 debeat,
847 2819 876 2869 et
893 2817 1005 2883 quidem
1022 2817 1119 2886 ingens
1129 2820 1280 2889 praemium
1290 2827 1437 2892 propterea

250 2904 329 2957 illam
372 2907 581 2957 consecuturum
620 2902 796 2967 arbitrantur,
833 2901 1012 2969 quamobrem
1050 2903 1243 2958 fornicationes
1279 2905 1460 2981 huiusmodi*

251 3005 424 3057 summopere
450 2992 589 3057 exoptant.
625 2987 755 3041 Futuram
782 2987 1006 3040 resurrectionem
1033 2993 1061 3041 et
1087 2988 1218 3042 iudicium
1247 2991 1356 3058 penitus
1375 2991 1435 3044 inti·

251 3075 364 3130 tiantun
400 3073 550 3136 Scabiosoe,
579 3073 707 3142 leprosos,
730 3070 867 3125 ulceribus
895 3070 1054 3124 laborantes
1079 3088 1113 3126 ec
1130 3072 1264 3127 eiusmodi
1289 3075 1321 3126 ut
1337 3091 1437 3143 porcos

253 3159 449 3213 abominantur
466 3175 516 3212 nec
535 3157 608 3226 apud
627 3173 656 3210 se
672 3155 799 3210 habitare
816 3155 914 3209 serunt.
939 3155 1002 3208 Pari
1016 3156 1097 3210 modo
1108 3174 1123 3211 e
1136 3157 1226 3210 medio
1239 3157 1281 3211 sui
1293 3159 1437 3229 expellunt

252 3244 417 3311 quicumque
443 3243 506 3296 labe
533 3241 627 3310 aliqua
653 3245 718 3294 sunt
743 3239 837 3293 infecti
865 3243 897 3292 ut
923 3240 1027 3304 claudi,
1055 3241 1135 3306 lusci,
1166 3241 1272 3294 aridam
1301 3243 1437 3298 habentes

253 3343 373 3393 manum,
387 3327 469 3391 surdi,
481 3325 561 3380 caeci,
580 3326 649 3394 lippi
667 3341 700 3378 ac
717 3325 827 3380 similes.
851 3323 960 3378 Novum
977 3327 1173 3379 testamentum
1186 3326 1341 3381 auferentes
1359 3327 1436 3380 aliud

254 3411 306 3465 sibi
335 3411 483 3465 commenti
509 3413 580 3464 sunt.
619 3409 768 3464 Duodecim
796 3409 927 3478 apostolis
953 3409 1074 3464 barbara
1098 3411 1289 3479 imposuerunt
1313 3413 1435 3478 nomina,

253 3499 345 3548 vetere
363 3501 455 3548 tamen
475 3497 639 3549 testamento
656 3494 765 3564 integro
782 3495 895 3548 retento.

341 3579 454 3634 Decima
480 3581 554 3632 secta
580 3583 621 3632 est
638 3579 882 3640 Disaniterum,
910 3579 957 3646 qui
980 3579 1047 3632 duos
1064 3583 1160 3632 tenent
1176 3597 1234 3634 esse
1252 3581 1324 3644 deos,
1349 3598 1437 3635 unum

254 3664 365 3728 bonum,
393 3663 508 3718 alterum
529 3663 645 3730 malum,
674 3665 704 3716 in
730 3681 785 3732 quo
812 3663 981 3718 Manichaeis
1010 3670 1172 3729 consonant,
1202 3665 1437 3732 quemadmodum

254 3749 339 3801 etiam
364 3747 393 3800 in
420 3748 544 3801 terminis
567 3750 786 3819 horoscoporum,
810 3748 945 3817 computis
963 3747 1148 3812 nativitatum,
1167 3752 1311 3812 astrorum,
1330 3755 1436 3819 septem

253 3833 431 3902 planetarum
454 3835 483 3886 et
507 3833 645 3900 signorum
670 3833 780 3887 Zodiaci
797 3831 863 3898 XII,
882 3832 1016 3901 aquibus
1034 3832 1192 3887 inferiorem
1211 3834 1284 3888 bunc
1301 3836 1437 3889 mundum

254 3914 313 3983 regi
341 3917 487 3969 autumant
512 3922 541 3970 et
563 3917 685 3985 regimen
708 3918 840 3971 creaturis
863 3935 933 3985 quae
951 3921 1055 3972 rectore
1072 3920 1154 3985 egent
1170 3917 1304 3973 tribuunt
1339 3917 1438 3988 Neque

258 4001 329 4052 bona
346 4015 437 4066 neque
455 4000 622 4071 malaopera
639 4001 667 4054 in
684 4001 802 4055 hominis
821 4019 878 4056 esse
895 4005 1031 4072 potestate
1049 4006 1077 4056 et
1093 4003 1236 4069 electione,
1253 4003 1282 4056 id
1294 4019 1358 4058 vero
1371 4005 1439 4071 qnia

255 4084 480 4138 resurrectionem
502 4085 655 4139 infitiantur
675 4089 703 4140 et
727 4090 879 4140 extremum
902 4087 1041 4142 iudicium.
1078 4087 1215 4157 Perpetuo
1233 4087 1305 4141 albis
1322 4093 1439 4144 utuntur

257 4168 433 4234 vestimentis,
457 4170 623 4224 arbitrantes
649 4187 702 4236 eos,
730 4172 777 4240 qui
801 4171 871 4226 albis
893 4174 1014 4240 utuntur,
1041 4176 1113 4227 stare
1132 4191 1149 4226 a
1164 4177 1243 4242 parte
1264 4173 1308 4227 dei
1326 4173 1438 4228 luminis

255 4252 330 4320 boni,
348 4253 396 4321 qui
414 4269 478 4308 vero
495 4255 588 4324 nigris,
607 4273 624 4308 a
641 4260 717 4325 parte
735 4257 779 4310 dei
796 4256 969 4312 tenebrarum
989 4257 1063 4312 mali.

326 4337 477 4392 Undecima
485 4339 746 4406 castrianorum,
760 4341 1220 4412 duodecimaEunomianorum,
1239 4346 1438 4401 tertiadecima

256 4422 1100 4494 Macedonianornm,decimaquartaPanlianistarum.
1113 4429 1439 4500 lataequidemquattnor
