3136 4984
231 444 251 506 6
689 433 790 510 ¹adolf
803 433 939 489 Harnaok.

233 601 405 685 temperius
427 599 487 666 loti
508 602 541 664 iu
555 599 696 666 Jordane
717 602 886 667 adfuerunt
906 602 939 665 in
961 599 1113 666 convivio.
1146 601 1232 666 Tunc
1254 623 1416 668 commcn-

232 702 319 778 davit
332 705 353 782 ¹)
377 699 529 780 Naaman,
552 723 668 785 aquam
691 702 805 786 sparsit
819 703 927 780 Amos,
948 702 1086 766 Jacohus
1109 704 1141 766 et
1164 703 1307 766 Andreas
1329 708 1418 767 attu-

233 803 338 866 leruut
363 800 505 876 foenum,
530 799 709 866 Matthaeus
737 808 769 866 et
789 801 901 866 Petrus
928 805 1117 865 straverunt.
1144 822 1283 865 mensam
1306 804 1421 885 posuit

234 901 384 966 Salomon
405 905 500 984 atque
522 921 629 965 omnes
652 902 876 968 discubuerunt
899 901 1018 966 turbae.
1060 899 1122 965 Sed
1148 923 1220 965 cum
1240 901 1305 965 iaur
1325 902 1420 966 locus

197 1059 199 1062 .
234 1001 487 1084 recumbentium
514 1000 625 1083 plenus
652 1005 746 1079 esset,
777 1003 831 1086 qui
858 1001 1134 1085 superveniebant,
1166 1001 1300 1084 quisque
1320 1009 1421 1086 prout

234 1104 372 1185 poterat,
407 1100 512 1164 locum
543 1098 604 1164 sibi
633 1101 821 1166 inveniebat.
872 1100 995 1165 Primus
1030 1099 1128 1184 igitur
1161 1101 1317 1164 omnium
1333 1103 1423 1165 sedit

234 1202 337 1265 Adam
359 1198 391 1263 in
414 1199 526 1278 medio,
547 1197 615 1262 Eva
637 1221 732 1283 super
753 1199 839 1278 folia,
1320 1213 1323 1216 '

233 1299 312 1365 Cain
334 1320 427 1382 super
448 1303 594 1378 aratrum,
616 1299 699 1364 Abel
721 1321 814 1384 super
832 1301 1030 1386 mulgarium,

236 1397 308 1464 Noe
331 1417 426 1481 super
447 1417 559 1474 arcam,
582 1395 721 1480 Japheth
744 1421 839 1484 super
859 1399 1013 1477 lateres'2),

236 1497 400 1563 Abraham
421 1499 482 1562 sub
505 1498 618 1562 arbore
627 1499 660 1580 ³),
681 1497 768 1563 Isaac
790 1521 884 1584 super
905 1521 1002 1577 aram,

237 1597 320 1666 Loth
340 1598 428 1662 iuxta
450 1598 574 1673 ostium,
595 1598 696 1662 Jacob
718 1621 811 1682 super
833 1603 965 1682 petram,

237 1697 364 1780 Moyses
386 1719 480 1779 super
500 1697 646 1780 lapidem,
668 1697 776 1762 Helias
798 1721 892 1782 super
913 1697 1037 1783 pellem,

237 1796 351 1860 Daniel
360 1796 384 1875 ⁴)
407 1817 500 1879 super
520 1796 669 1876 tribunal,
691 1796 807 1862 Tobias
830 1819 924 1883 super
945 1799 1068 1876 lectum,

236 1895 360 1980 Joseph
381 1918 475 1979 super
496 1897 645 1976 modium,
668 1897 835 1962 Beniamin
857 1919 951 1980 super
971 1919 1103 1976 saccum,

238 1995 341 2060 David
351 1996 375 2078 ⁵)
397 2019 490 2080 super
510 1997 727 2075 monticulum,
749 1997 889 2062 Joannes
911 1999 942 2061 iu
963 1997 1088 2080 terrass),

239 2096 363 2160 Pharao
386 2097 418 2160 in
440 2119 542 2174 arens,
565 2095 698 2161 Lazarus
720 2119 816 2182 super
836 2098 987 2175 tabulam,

236 2195 333 2262 Jesus
354 2218 448 2280 super
468 2200 606 2279 puteum,
628 2195 787 2262 Zachaeus
809 2219 904 2280 super
925 2197 1075 2272 arborem,

239 2295 419 2362 Matthaeus
440 2297 474 2360 in
496 2317 631 2375 scamn0,
654 2296 795 2362 Rebecca
813 2318 907 2380 super
928 2296 1079 2378 hydriam,

241 2395 329 2460 Raab
351 2417 444 2479 super
465 2400 613 2478 stuppam
624 2398 656 2480 ⁷),
678 2395 766 2460 Ruth
790 2418 884 2479 super
906 2395 1065 2479 stipulam,

237 2495 384 2561 Thecla
405 2518 518 2579 super
538 2497 759 2576 fenestram,
781 2495 923 2561 Susanna
944 2497 975 2558 in
999 2495 1102 2574 hortu,

242 2596 388 2662 Absalon
409 2595 440 2658 in
459 2595 632 2674 frondibus
655 2595 753 2660 Judas
774 2618 868 2679 super
888 2595 1036 2673 loculum,

242 2694 355 2759 Petrus
377 2717 472 2777 super
494 2695 684 2772 cathedram,
705 2693 845 2760 Jacobus
868 2717 962 2779 super
983 2702 1057 2774 rete,

239 2793 379 2860 Samson
400 2815 494 2877 super
516 2793 703 2874 columnam,
726 2793 799 2858 Heli
821 2817 915 2877 super
937 2795 1052 2871 sellam,

244 2892 367 2958 Rachel
387 2915 480 2976 super
501 2894 656 2958 sarcinam

243 2993 401 3058 Patiens
423 2994 550 3057 stabat
572 2993 713 3058 Paulus
741 3000 772 3058 et
798 2993 1012 3058 murmurabat
1033 2993 1119 3056 Esau
1146 2999 1177 3057 et
1203 2993 1331 3058 dolebat
1352 2993 1430 3069 Job‚

242 3094 327 3177 quod
354 3092 438 3156 solus
465 3093 593 3157 sedebat
614 3094 646 3157 in
670 3099 816 3158 stercore.
852 3091 940 3157 Tunc
961 3093 1100 3176 porrexit
1121 3091 1265 3158 Rebecca
1285 3092 1429 3175 pallium,

242 3191 357 3257 Judith
384 3193 629 3274 coopertorium,
652 3195 740 3276 Agar
761 3192 978 3277 stragulatis),
1001 3191 1073 3256 Sem
1095 3196 1126 3257 et
1147 3191 1291 3275 Japheth
1313 3213 1430 3276 coepe*

150 3329 152 3334 ,
245 3297 383 3356 ruerunt.
435 3291 704 3357 Recumbentibus
739 3292 847 3356 illatus
877 3297 923 3356 est
954 3297 1065 3377 gustus
1096 3311 1211 3356 caenae
1244 3297 1275 3356 et
1305 3293 1431 3375 accepit

243 3391 425 3456 cucurbitas
446 3391 550 3468 Jonas,
574 3393 639 3456 olus
662 3391 780 3471 Esaias,

245 3553 455 3562 ..--.--ι--.-

331 3643 356 3708 1)
375 3640 625 3695 commundavit
643 3641 759 3695 coniecit
777 3641 906 3696 Moralius
924 3641 982 3694 iure
999 3643 1031 3694 ut
1050 3639 1165 3696 videtur.

331 3724 357 3792 2)
375 3725 506 3795 lapides
525 3725 602 3780 codd.
621 3725 750 3796 plerique.

333 3810 359 3877 3)
378 3809 451 3863 Abr.
471 3811 529 3864 sub
549 3810 614 3864 arb.
634 3809 732 3865 desunt
749 3810 778 3864 iu
797 3812 897 3865 multis.
953 3815 956 3821 '

331 3898 356 3953 4)
376 3894 484 3949 David
502 3895 635 3950 nonnulli.

332 3980 358 4046 5)
376 3979 497 4034 Daniel
515 3981 649 4034 nonnulli.

333 4066 358 4127 6)
377 4063 421 4117 Sic
434 4064 511 4119 codd.
528 4083 622 4118 omnes
640 4070 753 4135 excepto
766 4065 924 4120 Colbertino
938 4064 1048 4124 [Jonas
1067 4079 1166 4132 super
1182 4062 1329 4124 lectuml;
1349 4061 1432 4118 editi:

249 4147 351 4204 Jonas
370 4154 622 4220 superterram,
641 4150 699 4204 iure
717 4153 747 4204 ut
766 4150 879 4204 videtur.

335 4236 360 4302 7)
379 4235 458 4290 Hanc
474 4235 692 4290 enuntiationem
709 4233 872 4290 Serbonicus
891 4235 963 4287 solus
982 4233 1103 4304 praebet.
1220 4253 1224 4264 ·

334 4321 360 4388 8)
378 4319 453 4375 Haec
464 4318 563 4374 desunt
581 4321 609 4372 iu
627 4319 763 4388 plerisque
781 4317 858 4373 codd.
889 4318 950 4373 Non
968 4318 1047 4388 pauci
1058 4317 1164 4372 habant
1182 4321 1435 4388 cooperuerunt

247 4405 496 4470 recumbentes,
515 4421 584 4459 uuus
604 4402 777 4458 Colbertinus
795 4406 1041 4473 cooperuerunt
1058 4419 1098 4456 se.
