3136 4984
183 471 187 478 .
214 431 251 491 12
683 423 769 478 Adoll
783 422 919 476 Harncolr.

211 591 244 654 in
266 590 420 675 magistro
443 591 546 671 iesus,
568 591 601 656 in
624 590 752 656 custode
763 591 786 674 ¹)
808 590 957 669 Joannes,

210 690 243 762 in
264 689 392 756 retiario
414 688 538 770 Petrus,
560 690 593 755 in
617 694 761 755 secutore
783 690 914 768 Pherae,

209 791 243 856 in
264 795 414 856 venatore
435 788 637 874 Nemrothe,
658 791 691 854 in
713 791 853 855 delatore
874 786 984 863 Judos

208 891 243 955 in
264 891 432 956 hortulano
454 890 569 963 Adam,
591 889 624 954 in
647 890 856 974 exordiar-10³)
878 889 955 969 Eva,

95 1011 97 1016 ·
209 991 243 1054 in
264 991 387 1056 latrone
410 988 496 1070 Cain,
516 989 549 1054 in
571 994 696 1073 pastore
717 989 809 1068 Abel,

209 1091 242 1154 in
265 1110 391 1156 cursore
412 1088 524 1170 Jacob,
545 1089 578 1152 in
599 1089 761 1154 sacerdote
781 1089 956 1166 Zacharias,

210 1190 243 1254 in
264 1210 339 1275 rege
361 1189 474 1270 David,
495 1189 528 1252 in
551 1188 741 1273 cythaerodo
763 1187 865 1268 duhel,

210 1290 242 1353 in
265 1289 421 1374 piscatore
444 1288 593 1367 Jacobus‚
614 1289 648 1352 in
670 1309 772 1373 eoquo
794 1289 969 1354 Antiochus
978 1287 1012 1370 ⁴),

209 1390 243 1454 in
266 1389 399 1474 aquario
422 1389 572 1468 Rebecca,
594 1389 627 1454 in
648 1389 806 1453 furnitore
817 1391 840 1471 ⁵)
862 1389 1012 1466 Ananias,

210 1489 250 1553 in
271 1487 634 1564 bestiario-Thecla,
655 1489 687 1552 in
710 1489 837 1573 stupido
860 1487 1067 1564 Molessadon‚

210 1589 244 1654 in
265 1588 414 1672 religioso
438 1587 598 1668 Salomon,
619 1589 652 1652 in
674 1589 849 1668 ministrc5)
872 1585 1008 1663 Martha,

211 1688 245 1754 in
266 1687 367 1754 milite
390 1685 492 1766 Urias,
513 1687 547 1751 in
568 1687 679 1752 insano
695 1681 852 1764 Herodes,

210 1787 242 1852 in
264 1787 385 1853 famulo
409 1786 515 1862 Chuni,
537 1787 570 1852 in
593 1786 714 1852 medico
736 1786 860 1866 Tobias,

210 1887 245 1952 in
266 1888 353 1952 ebrio
376 1885 456 1966 Noe,
477 1886 511 1950 in
532 1886 666 1951 ridiculo
688 1885 785 1967 Isaac,

211 1987 244 2050 in
266 1987 349 2051 tristi
372 1985 443 2060 Job,
465 1985 500 2048 in
521 1985 623 2050 iudice
645 1985 768 2064 Daniel

211 2087 245 2150 in
266 2084 359 2172 fabro
381 2083 514 2167 Joseph,
534 2085 567 2148 in
589 2086 759 2167 prostituta
779 2083 924 2164 Thamar,

210 2187 244 2249 in
265 2185 406 2250 formose
426 2183 553 2262 Rachel,
573 2185 608 2248 in
630 2185 738 2249 odibili
759 2184 823 2264 Lis,

210 2285 244 2350 in
266 2285 393 2350 domina
415 2284 523 2362 Maris,
546 2283 578 2348 in
599 2283 696 2368 impio
717 2285 809 2362 Loth,
827 2343 837 2368 ,

210 2387 244 2449 in
266 2383 444 2448 adversario
466 2384 626 2462 Amalech,
648 2384 681 2446 in
703 2387 859 2448 structore
882 2382 962 2462 sem,

211 2484 245 2547 in
268 2483 421 2547 rusticulo
433 2485 456 2565 7)
478 2483 573 2562 Esau,
594 2483 627 2546 in
648 2481 723 2547 forti
749 2482 865 2562 Golias,

211 2583 244 2646 in
268 2582 386 2664 pistore
408 2581 608 2646 Hierobeam.

213 2680 275 2744 Sed
291 2681 438 2764 quoniam
455 2682 665 2746 contendebat
680 2681 772 2759 Dina,
794 2703 908 2765 aquam
923 2681 1104 2746 effundebat
1118 2681 1228 2744 Aaron
1243 2683 1274 2744 et
1288 2683 1396 2746 nudus

214 2784 283 2844 erat
297 2778 396 2844 Jonas
405 2778 438 2861 ⁸),
461 2783 536 2844 tunc
558 2779 658 2845 solem
666 2782 692 2865 ⁹)
713 2781 840 2864 petebat
855 2781 965 2859 Auses,
987 2785 1024 2843 ut
1044 2779 1213 2844 siccaretur
1226 2778 1396 2845 Barnabae.

212 2879 282 2956 Quo
296 2880 381 2942 facto
394 2879 432 2960 10)
448 2879 539 2943 iussit
553 2901 606 2944 eos
621 2901 676 2944 rex
694 2883 735 2944 sd
749 2902 783 2944 se
797 2879 912 2958 venire,
932 2879 987 2962 qui
1004 2882 1156 2943 venerunt
1170 2878 1270 2943 altera
1291 2879 1341 2944 die
1355 2881 1397 2962 ¹¹)

215 2983 247 3043 et
269 2998 400 3041 munera
422 2979 449 3041 ei
472 2979 664 3044 obtulerunt.
699 2978 825 3043 Primus
846 2980 955 3064 itaque
977 2979 1117 3042 omnium
1139 2978 1255 3043 obtulit

213 3079 343 3142 arietem
365 3077 535 3159 Abraham,
557 3083 706 3143 taurum
727 3078 880 3168 Thecla,

213 3176 372 3242 oviculam
395 3175 472 3256 Noe,
494 3179 646 3243 camelum
669 3178 818 3258 Rebecca,

298 3379 322 3445 1)
340 3378 375 3431 in
393 3376 552 3431 custodia
570 3377 648 3432 codd.
668 3395 769 3432 omnes.

298 3462 324 3531 2)
342 3461 506 3516 Mambres
525 3461 602 3517 codd.
621 3477 727 3527 omnes3
755 3461 871 3516 sortasse
888 3477 950 3514 cum
967 3459 1091 3530 Hegenio
1110 3458 1270 3528 legendum:
1287 3459 1323 3514 in
1339 3479 1394 3518 rs-

211 3550 332 3601 natore
350 3545 497 3606 Nimrod‚
516 3545 549 3598 in
567 3563 663 3616 mago
681 3545 852 3599 Mambres.

296 3632 324 3696 3)
342 3629 517 3685 exodiario
535 3629 613 3683 codd.
633 3647 735 3685 omnes.

296 3717 321 3782 4)
341 3715 505 3768 Ariochns
524 3712 602 3768 codd.
621 3731 715 3769 omnes
733 3717 847 3784 excepto
866 3713 1027 3773 Sorbonico,
1052 3713 1098 3781 qui
1116 3712 1223 3782 scripsit
1241 3712 1285 3781 (in
1302 3719 1396 3780 coco)

207 3797 321 3868 jurito.

296 3884 322 3950 5)
340 3883 533 3950 tornatoriJo
552 3882 629 3936 codd.

296 3971 321 4034 6)
339 3967 495 4021 ministro
514 3966 591 4021 codd.

297 4053 322 4118 7)
340 4051 469 4106 rustico
488 4051 566 4106 codd.
584 4050 715 4120 plerique.

296 4137 322 4200 8)
340 4135 356 4189 J
363 4153 496 4208 oannes
506 4135 585 4190 codd.
604 4135 734 4206 plerique.

296 4223 322 4288 9)
340 4220 463 4276 stolam
482 4218 560 4274 codd.
578 4218 708 4288 plerique.
1186 4255 1187 4258 =

280 4307 321 4371 10)
340 4307 402 4359 Pro
424 4323 486 4374 quo
504 4305 596 4359 facto
613 4304 739 4359 nonnulli
759 4303 845 4368 codd,
864 4305 922 4358 snb
941 4323 1004 4372 quo
1022 4305 1114 4358 facto
1134 4303 1190 4359 elii.

280 4390 321 4455 11)
341 4387 453 4441 altera
471 4387 523 4442 die
541 4387 641 4441 desunt
658 4387 686 4440 in
704 4386 845 4442 nonnullis
863 4387 941 4442 codd.
