3136 4984
350 469 414 524 Drei
433 467 622 538 cyprianische
638 467 775 522 Schriften
792 467 850 521 und
867 467 911 522 die
930 469 1017 532 „Acta
1034 467 1139 522 Pauli“.
1290 472 1335 538 27

159 659 255 720 purae
278 636 492 702 conscientiae.
507 635 628 700 exaudi
651 657 701 700 me
722 641 871 710 orantem,
894 635 975 699 sicut
996 634 1151 700 exaudisti
1166 632 1334 698 Ezechiam

158 758 263 822 regem
287 737 406 801 Judeae
429 738 480 816 [et]
510 735 620 800 delesti
647 735 686 799 ab
709 756 745 799 eo
770 735 999 799 infirmitatem:
1028 735 1072 797 sic
1094 757 1114 797 a
1135 754 1185 796 me
1211 733 1335 796 auferas

159 837 373 901 infirmitatem
394 837 497 899 carnis
520 839 551 899 et
572 855 690 918 augeas
712 833 789 898 mihi
810 835 850 898 ad
872 833 975 912 fidem,
997 833 1078 897 sicut
1098 832 1146 896 illi
1166 831 1284 896 auxisti
1304 831 1336 895 in

157 959 254 1001 annos
281 936 460 1020 quindecim
490 935 529 999 ad
555 934 660 1000 vitam.
680 933 794 998 liberes
821 955 871 998 me
898 937 936 997 de
962 933 1066 996 medio
1093 931 1209 996 saeculi
1236 931 1337 1006 huius,

159 1038 258 1101 sicut
279 1034 463 1099 liberasti
486 1033 639 1098 'leolam
662 1032 852 1097 demedio
874 1030 1168 1116 amphitheatro.

242 1141 270 1202 3.
292 1134 339 1198 Te
362 1135 514 1216 deprecor
535 1137 632 1215 pater,
655 1131 756 1216 quiin
771 1132 867 1196 finem
882 1137 1060 1216 temporum
1076 1136 1338 1196 commemoratus

161 1256 194 1298 es
214 1235 328 1312 nostri,
355 1234 483 1298 mittens
512 1233 605 1296 nobis
626 1233 735 1297 Jesnm
759 1231 917 1296 Christum
943 1231 1044 1295 filium
1070 1235 1162 1294 tuum
1188 1235 1281 1296 deum
1308 1236 1339 1294 et

160 1334 324 1398 dominum
346 1333 444 1414 foder:
467 1332 626 1396 dominum
649 1335 681 1396 et
695 1333 799 1412 deum]
822 1337 965 1396 nostrum
990 1331 1207 1412 [salvatorem],
1227 1335 1338 1395 natum

162 1435 199 1498 de
220 1433 321 1498 Maria
342 1434 463 1517 virgine
485 1436 524 1496 de
545 1430 658 1513 spiritu
680 1435 797 1510 sanct0,
819 1431 1024 1496 adnuntiante
1047 1429 1193 1496 Gabrielo
1215 1429 1339 1516 angelo,

160 1555 216 1618 per
237 1555 331 1616 quern
352 1555 410 1596 nos
431 1532 571 1596 liberasti
593 1531 631 1596 de
652 1530 792 1614 periculo
814 1531 924 1595 mortis
945 1530 1146 1595 imminentis.

243 1640 272 1698 4.
295 1633 337 1696 Et
366 1637 397 1695 te
428 1634 578 1714 deprecor
609 1630 710 1694 filium
743 1631 792 1694 dei
818 1630 894 1711 vivi,
925 1630 978 1714 qui
1004 1629 1108 1695 fecisti
1134 1633 1222 1694 tanta
1254 1633 1340 1710 [tam]

164 1732 333 1816 magnalia:
356 1732 390 1794 in
406 1731 491 1794 Cena
507 1729 669 1794 Galilaeae
686 1733 724 1794 de
746 1752 828 1814 aqna
849 1731 956 1794 vinum
971 1730 1076 1794 fecisti
1091 1735 1222 1813 propter
1236 1729 1341 1808 lsrael,

164 1831 219 1914 qui
241 1832 341 1896 caecis
364 1829 473 1895 oculos
495 1830 657 1913 aperuisti,
679 1830 733 1914 qui
756 1829 866 1894 surdos
887 1829 995 1893 audire
1016 1829 1127 1904 fecisti,
1150 1830 1341 1914 paralyticos

163 1934 202 1995 ad
218 1953 275 1996 sna
288 1931 429 1995 membra
444 1931 604 2008 revocasti,
620 1929 675 2012 qui
690 1929 811 1994 solvisti
825 1929 951 2012 linguas
972 1929 1158 2008 blaesorum,
1182 1927 1342 1992 daemonis

163 2034 292 2094 vexatos
314 2031 444 2107 sanasti,
473 2030 581 2095 clodos
609 2051 734 2092 currere
759 2030 861 2093 fecisti
883 2030 970 2093 velut
991 2050 1113 2106 cervos,
1140 2028 1302 2092 mulierem
1325 2049 1343 2090 a

163 2131 319 2212 profluvio
348 2130 511 2210 sanguinis
542 2129 697 2207 liberasti,
728 2133 871 2192 mortuos
901 2128 1070 2208 suscitasti,
1101 2149 1195 2210 super
1227 2149 1343 2212 aquam

163 2229 295 2312 pedibus
317 2229 496 2310 ambulasti,
518 2229 573 2313 qui
595 2251 680 2293 mare
701 2227 842 2294 fundasti
864 2231 895 2291 et
915 2228 1084 2291 terminum
1106 2227 1135 2290 ei
1156 2225 1288 2309 posuisti
1310 2224 1365 2289 in

164 2334 219 2392 tua
246 2330 369 2396 virtute.
391 2334 423 2394 te
445 2333 595 2413 deprecor
621 2333 750 2412 propter
771 2329 916 2392 universa
938 2333 1104 2391 commissa
1126 2347 1206 2404 mea,
1234 2325 1289 2408 qui
1311 2345 1343 2388 es

164 2427 197 2490 in
219 2429 313 2492 caelis
334 2428 418 2492 filius
440 2429 472 2492 in
495 2433 583 2511 patre
606 2433 638 2491 et
659 2433 748 2512 pater
768 2428 801 2491 in
823 2432 854 2491 tc
875 2427 908 2490 in
928 2426 1163 2509 sempiternum,
1185 2424 1239 2508 qui
1255 2425 1344 2488 sedes

165 2547 261 2610 super
282 2527 451 2592 Cherubim
473 2533 505 2592 et
526 2527 701 2611 Seraphim,
724 2531 830 2591 sedem
852 2526 981 2590 honoris
1005 2526 1081 2606 [tuil.

249 2635 276 2693 5.
298 2625 372 2693 Tibi
394 2629 550 2692 adsistunt
571 2628 676 2712 angeli
698 2632 730 2690 et
750 2626 931 2712 archangeli
951 2647 1064 2689 nomen
1086 2645 1195 2689 verum
1216 2623 1342 2687 inaesti-

165 2726 292 2806 mabile,
322 2728 468 2792 timentes
495 2733 527 2792 et
553 2732 703 2810 paventes
729 2726 882 2790 honorem
909 2731 940 2790 et
961 2725 1111 2788 virtutem
1137 2729 1238 2800 tuam,
1269 2745 1345 2787 voce

166 2847 279 2911 magna
294 2827 446 2892 dicentes:
461 2827 613 2908 „Sanctus
628 2832 754 2891 sanctus
769 2831 895 2890 sanctus
911 2825 1055 2888 dominus
1072 2826 1168 2904 [deus]
1179 2822 1345 2887 Sabaoth“.

167 2925 216 2991 Tu
237 2926 306 3010 ipse
328 2927 419 2990 nobis
442 2931 663 2992 testamentum
684 2926 799 2991 fecisti:
822 2925 938 3007 „petite
960 2929 991 2988 et
1011 2923 1180 3007 accipietis,
1202 2923 1344 3005 quaerite

169 3031 200 3090 et
222 3025 395 3104 invenictis,
417 3025 542 3109 pulsate
564 3031 596 3090 et
616 3026 773 3108 aperietur
788 3023 888 3087 vobis.
904 3025 1125 3106 quodcumque
1139 3044 1159 3084 a
1173 3025 1262 3105 patre
1277 3041 1347 3084 meo
1451 3085 1453 3088 .

169 3127 322 3209 petieritis
343 3126 375 3189 in
404 3127 532 3190 nomine
554 3147 632 3198 meo,
655 3123 839 3208 accipietis“.
861 3143 921 3206 ego
944 3126 1018 3205 peto
1040 3127 1076 3184 ut
1096 3118 1262 3202 accipiam,
1289 3137 1348 3201 ego

76 3237 79 3243 '
170 3247 286 3308 quaero
312 3229 347 3288 ut
373 3225 542 3302 inveniam,
573 3245 631 3308 ego
657 3225 749 3307 pulso
775 3228 811 3286 ut
836 3223 995 3306 aperiatur
1020 3219 1114 3297 mibi3
1145 3239 1205 3300 ego
1231 3219 1263 3282 in
1292 3223 1349 3286 ,tuo

169 3327 298 3400 nomine
324 3347 433 3409 precor
454 3329 491 3388 nt
514 3327 559 3404 [tu
582 3329 711 3408 epatre
733 3329 821 3406 petas
844 3325 885 3402 et]
908 3325 1000 3384 detur
1021 3319 1108 3385 mibi.
1129 3323 1258 3401 pa'ratus
1280 3339 1349 3382 sum

170 3430 301 3511 propter
321 3447 437 3490 nomen
458 3430 547 3488 taum
570 3424 730 3489 victimam
753 3421 916 3505 sauguinis
938 3420 1068 3483 fundere
1083 3423 1115 3483 et
1130 3417 1351 3501 quodcumque

170 3531 362 3590 tormentum
388 3525 551 3590 sustinere.
587 3522 635 3588 Tu
662 3545 695 3586 es
721 3521 847 3586 adiutor
872 3541 960 3584 meus
981 3523 1013 3582 et
1035 3518 1194 3582 defensor:
1220 3516 1350 3580 defende

171 3647 221 3690 me
242 3625 282 3689 ab
303 3625 430 3690 inimico
451 3645 534 3702 meo:
557 3623 688 3707 angelus
709 3627 783 3685 tuus
804 3619 883 3685 lucis
905 3623 1050 3702 protegat
1071 3639 1127 3695 me,
1150 3615 1300 3700 quoniam
1315 3619 1350 3678 tu

173 3724 291 3791 dixisti:
317 3725 420 3808 „quod
447 3725 608 3788 credentes
630 3719 783 3805 petieritis
805 3718 1065 3802 perorationem,
1088 3715 1215 3780 dabitur
1235 3714 1351 3779 vobis“.

256 3831 284 3892 6.
307 3825 416 3890 Omnis
439 3824 534 3888 homo
556 3823 698 3900 mendax,
719 3825 755 3883 tu
777 3823 853 3884 deus
868 3840 971 3882 verax.
986 3817 1069 3882 sicut
1082 3821 1116 3880 tu
1135 3813 1352 3897 repromisisti,

172 3931 264 4009 potes
285 3930 359 3990 dare
379 3925 513 4002 domine,
535 3919 639 3986 revela
653 3919 731 3984 mihi
747 3940 840 3983 omne
859 3923 1091 3982 sacramentum
1106 3918 1196 3978 tuum
1212 3912 1352 3992 caeleste,

173 4032 210 4092 ut
237 4027 352 4111 dignus
378 4024 438 4088 sim
464 4022 576 4087 faciem
602 4025 783 4085 sanctorum
809 4023 936 4082 tuorum
957 4015 1071 4080 videre.
1093 4013 1222 4097 spiritus
1248 4013 1281 4076 in
1302 4033 1352 4076 me

174 4128 232 4192 fiat
251 4125 352 4205 fortis,
375 4123 524 4208 quoniam
544 4142 596 4185 me
617 4120 677 4184 tibi
698 4118 853 4204 spopondi
872 4117 1020 4181 omnibus
1036 4112 1243 4180 diebusvitae
1257 4132 1353 4190 meae,

176 4226 233 4311 qui
249 4247 361 4310 passus
384 4245 417 4288 es
439 4222 498 4287 sub
520 4220 635 4287 Pontio
658 4219 763 4284 Pilato
786 4218 899 4281 bonam
921 4215 1161 4289 confessionem,
1184 4211 1353 4276 crucifixus

177 4325 363 4391 descendisti
385 4329 417 4388 et
438 4319 629 4387 conculcasti
654 4319 797 4384 aculeum
824 4315 947 4394 mortis,
978 4313 1033 4398 qui
1060 4311 1181 4377 dixisti:
1212 4310 1285 4392 „ubi
1307 4311 1355 4374 eat
1412 4330 1415 4337 ·

177 4447 274 4504 mors,
305 4428 336 4488 et
356 4423 412 4488 ubi
434 4425 482 4486 est
509 4421 636 4486 aculeus
667 4419 762 4498 eius“,
793 4417 848 4501 qui
873 4414 1045 4500 regnabat?
1076 4412 1159 4476 victa
1186 4415 1233 4474 est
1260 4430 1355 4489 mors,
