3028 4978
626 472 703 526 Τθῑλ·
1216 475 1255 538 37

92 657 200 721 πησαν.
226 635 259 704 οί
285 638 465 704 ἐπίσκοποι
504 640 585 722 Περὶ
608 643 701 716 τίνος
728 633 799 704 εἷπε
822 638 978 721 Μωῦσῆς·
1009 625 1165 720 »Ὄηεσθε
1192 631 1256 721 τήν

94 731 178 821 ζωήν
203 729 299 821 ἀμῶν
328 729 493 804 ἀπέναντι
524 741 597 806 τῶν
628 728 821 822 ὀφθαλμῶν
845 728 941 824 ὑμῶν
967 737 1175 822 κρεμαμένην
1200 739 1255 802 καὶ

91 827 127 901 ου’
144 831 189 921 μή
207 831 444 922 πιστεύσητε«;
522 830 640 917 Ἰακὼβ
651 841 707 902 καὶ
725 839 838 921 Φαράς
860 833 969 904 εἷπον
990 828 1152 921 Ἀληθῶς,
1174 837 1256 921 μέγα

92 929 258 1021 παρόραμα
284 937 435 1021 γέγονεν,
464 929 529 1004 κάν
555 938 703 1005 θέλωσιν
728 937 761 1003 ολ
783 928 851 1004 ἀπὸ
874 938 937 1004 τοῦ
958 933 1080 1014 ἔθνους
1103 928 1257 1022 μυριάκις

89 1029 301 1118 βδελύξασθαι
326 1028 424 1121 ἡμᾶς·
451 1029 499 1114 ὥς
521 1030 583 1121 γάρ
610 1035 642 1104 ολ
668 1030 869 1120 ἱεροφάνται
889 1051 1068 1120 προεῖπον,
1096 1025 1175 1118 ὄξος
1200 1037 1254 1100 καὶ
1289 1045 1305 1098 5

89 1130 186 1218 χολὴν
203 1140 259 1202 καὶ
282 1130 495 1221 διαμερισμὸν
516 1135 674 1220 ίματίων,
701 1137 739 1203 ἐκ
765 1131 973 1218 τυφλάοεως
994 1137 1127 1220 πολλῆς
1148 1133 1256 1201 ταῦτα

90 1229 293 1320 ἐποιήσαμεν,
315 1231 371 1300 ἵνα
384 1232 496 1304 καὶτὸ
512 1232 592 1321 αίμα
613 1238 721 1305 έκεῖνο
741 1237 745 1320 Ι
765 1233 849 1320 ἔλθη
872 1235 927 1302 ἐπὶ
950 1228 991 1302 τὸ
1014 1233 1116 1314 ἔθνος
1136 1238 1192 1300 καὶ
1213 1228 1256 1300 τά
1274 1243 1321 1299 fol.
1334 1244 1405 1299 239·

90 1326 242 1418 γενόμενα
277 1328 524 1420 ἀληθεύουσιν·
562 1329 688 1422 φθόνῳ
725 1331 787 1420 γάρ
824 1326 1005 1419 φερόμενοι
1032 1328 1120 1417 πρὸς
1151 1326 1257 1402 αὐτὸν

90 1438 226 1518 σημείων
251 1441 307 1500 καί
333 1428 501 1518 τεράτων,
529 1423 581 1502 ὦν
610 1435 716 1504 ἐποίει
747 1433 939 1526 ἔμπροσθεν
968 1425 1100 1514 αὐτῶν,
1130 1428 1184 1500 διὰ
1215 1428 1256 1502 τὸ

90 1526 212 1612 πάντας
233 1528 358 1601 λοιπὸν
380 1527 585 1603 ἀκολουθεῖν
607 1528 702 1623 αὐτῷ
726 1533 889 1602 ἔσπευσαν
911 1526 1041 1601 ἀνελεῖν
1062 1526 1177 1614 αὐτόν,
1199 1530 1255 1601 ἵνα
1276 1547 1308 1600 10

91 1626 125 1700 τὸ
139 1634 239 1712 ἔθνος
258 1637 334 1718 στῇ·
355 1636 411 1700 καὶ
434 1626 475 1702 οά
494 1627 603 1720 μόνον
626 1625 681 1702 ὅτι
702 1628 765 1702 οάκ
788 1633 876 1719 έστη,
896 1626 984 1702 ἀλλά
1006 1636 1062 1700 καὶ
1084 1637 1258 1710 πλείσταις

91 1733 278 1816 διασποραις
304 1725 472 1852 έδάθημεν
494 1737 550 1800 καὶ
578 1729 642 1819 τὴν
663 1727 758 1820 ᾠδήν
778 1737 898 1817 κυρίου
919 1733 1035 1800 ἒπί”
994 1757 1055 1819 γης
1075 1723 1259 1817 ἀλλοτρίας

89 1823 205 1948 ᾄδομεν
230 1828 285 1900 διά
308 1828 388 1912 τούς
409 1825 491 1900 τότε
513 1826 789 1920 φιλαρχήσαντας
814 1826 1048 1912 διδασκάλους,
1076 1857 1127 1899 ων
1149 1857 1169 1900 ο
1159 1823 1258 1898 ‘2:6-

17 1953 18 1956 ’
92 1935 187 2011 τανᾶς
208 1927 444 2015 ἐτύφλωσε
406 1957 450 2000 τα
473 1928 632 2020 νοήματα
717 1934 749 2000 οἱ
770 1933 962 2000 ἐπίσκοποι
985 1932 1257 2015 Παρακαλοῦμεν,

90 2033 243 2112 δέσποτα,
275 2025 497 2117 ἀνενεχθῆναι
528 2035 636 2100 ταῦτα
662 2027 777 2100 πάντα
807 2047 881 2112 ταις
910 2033 1020 2110 θείαις
1050 2023 1174 2131 ἀκοαῖς.
1277 2049 1308 2100 15

92 2123 350 2235 Ἀφροδιτιανάς
370 2123 658 2230 Ἀνενεχθήσεται.
701 2108 1257 2250 ᾼΑΣΤῙΚΟΝΛΑΒΟΚΣΤΡΑΣ

90 2212 759 2312 ΑῨΤῘΚΑΙΠῙΘῘΓΡΙΣΑΒΔΕΣΤΡῘᾹ
786 2222 887 2300 άτινά
916 2233 1021 2299 ἐστιν
1050 2222 1152 2309 εάθυς
1174 2253 1257 2314 γνω-

92 2335 227 2448 ριοῦμεν.
280 2333 336 2397 καί
369 2323 536 2400 ἀπελθών
567 2328 728 2416 ἐγνωρισε
756 2326 870 2399 πάντα
901 2335 953 2419 τῷ
983 2338 1119 2415 βασιλεῖ.
1149 2327 1259 2413 ἔχαιρε

91 2423 161 2497 δὲ
144 2457 162 2498 ο
188 2425 350 2510 βασιλεὺς
375 2433 430 2498 καί
454 2423 532 2498 οἱ
511 2425 580 2498 υπὸ
608 2426 674 2517 τήν
694 2435 863 2510 βασιλείαν
885 2425 991 2498 αὐτοῦ
1014 2431 1067 2497 ἐπί
1091 2433 1133 2514 τῇ
1157 2420 1258 2514 άρθὸ-
1276 2435 1323 2490 fol
1336 2435 1407 2490 2391)

92 2555 158 2615 τητι
180 2533 244 2599 τοῦ
266 2523 530 2615 Ἀφροδιτιανοῦ.
1275 2537 1309 2593 20

164 2625 287 2714 Καλόν)
309 2622 479 2715 μαθόντες
501 2627 610 2698 ταῦτα
633 2630 665 2698 ολ
687 2633 802 2698 λοιποὶ
818 2623 969 2698 Ἰουδαῖοι
989 2632 1045 2697 καί
1067 2629 1100 2697 οἱ
1123 2622 1260 2696 τούτων

92 2722 218 2816 ἀρχηγοὶ
234 2730 466 2814 ἐπανέστησαν
480 2724 568 2796 κατά
584 2732 658 2796 τῶν
672 2725 733 2798 δύο
749 2725 887 2797 τούτων
897 2721 1014 2810 Ἰακώβ
1027 2731 1082 2796 καὶ
1095 2731 1191 2812 Φαρᾶ
1204 2731 1259 2794 καὶ

93 2830 246 2916 ἐποίησαν
267 2821 392 2908 αὐτοὺς
413 2821 711 2914 ἀποσυναγώγους,
734 2831 891 2913 λέγοντες
912 2822 1039 2907 αὐτοῖς·
1069 2819 1259 2912 Ἠισχάνατε

92 2920 165 3014 ἡμᾶς
187 2932 407 3015 Χριστιανῶν
435 2921 611 3014 γεγονότες
633 2923 826 3014 συνήγοροιῖ,
848 2932 1082 3013 χριστιανίζειν
1103 2919 1259 3012 ήρξασθε,

92 3027 161 3110 τούς
174 3031 326 3112 πατέρας
340 3019 541 3112 ἠρνήσασθε,
565 3021 629 3095 τὸν
651 3020 757 3113 νόμον
779 3024 927 3108 ἐλύσατε,
950 3021 1259 3112 ἀνθρωπολατρεῑν
1275 3035 1309 3088 25

90 3123 297 3214 μεμαθήκατε
322 3119 473 3205 πάντως.
559 3129 614 3194 καὶ
645 3125 803 3213 παραυτά
834 3121 995 3214 ἀπῆλθον
1020 3123 1108 3212 πρὸς
1130 3131 1258 3210 Μιθρο-

91 3219 183 3313 δάδην
205 3221 282 3294 υίόν
299 3218 496 3310 Ἀρρινάτου
518 3220 699 3312 ταξάμενοι
722 3219 817 3315 αάτῷ
839 3221 1044 3314 κεντηνάρια
1063 3219 1258 3311 τριάκοντα,

165 3377 238 3434 1-2
257 3377 337 3448 θοαί.
354 3378 395 3443 28,
412 3379 453 3434 66.
472 3407 506 3416 -
524 3377 598 3434 6-6
617 3377 660 3433 Ρε.
678 3379 719 3442 22,
739 3381 778 3435 19.
814 3379 854 3442 69,
872 3379 913 3434 22.
932 3409 964 3418 -
985 3379 999 3432 7
1020 3377 1089 3431 Mth.
1106 3377 1147 3438 27,
1167 3379 1207 3432 25.
1226 3406 1259 3416 —

18 3471 19 3486 ³
92 3460 125 3517 22
140 3463 200 3518 Joh.
212 3465 238 3528 9,
251 3463 293 3519 22.
310 3493 345 3501 -
362 3461 399 3518 27
420 3461 607 3525 Mth2614f.

164 3589 184 3645 4
200 3584 305 3654 ἔθνους
321 3587 391 3643 BDF
409 3582 511 3653 ἔθνους
528 3585 641 3656 ήμῶνῦ
661 3589 665 3656 Ι
684 3589 698 3644 7
716 3583 765 3643 ἵνα
782 3587 849 3643 BUF
860 3600 893 3650 <
903 3589 951 3643 AD
966 3590 970 3657 Ι
986 3585 1082 3656 ,έκεῖνο
1101 3586 1236 3656 (3601)ss
1254 3588 1258 3655 Ι

93 3665 186 3741 ε’λθηΑ
200 3675 205 3742 Ι
221 3673 242 3729 8
260 3671 414 3743 γενόμενος
432 3671 574 3741 λεγόμενα
592 3674 615 3727 Β
633 3672 770 3744 γινόμενα
789 3673 856 3728 CDF
880 3675 884 3741 Ι
905 3669 1121 3742 ἀληθεύσωσιΙνΙ
1133 3672 1178 3728 BF
1196 3668 1260 3740 ἀλη-

93 3755 212 3814 θεύσουσι
230 3757 279 3812 ΔΟ
300 3753 480 3812 ἀλιθεύουσιν
498 3755 522 3809 Ι)
541 3759 545 3824 Ι
565 3757 583 3810 θ
602 3747 644 3811 ὧν
655 3757 747 3811 BCDF
768 3764 772 3824 Ι
793 3758 832 3813 18
850 3753 1012 3826 ἀδομενΔΙ
1034 3758 1102 3816 162.
1121 3758 1175 3811 Der
1190 3760 1261 3811 erste

93 3837 235 3896 Buehntabe
251 3841 343 3896 hinter
361 3837 461 3896 αὐτίκα
479 3839 516 3894 ist
533 3839 598 3895 eher
615 3839 659 3894 ein
680 3843 710 3896 Π
725 3843 766 3896 als
785 3843 830 3897 ein
842 3845 876 3896 M
892 3846 914 3895 Δ
933 3844 1064 3910 διαστολὴ
1082 3840 1155 3913 λάβη
1173 3837 1262 3912 πέρας

94 3919 191 3980 αἰτίκα·
214 3927 404 3998 σπηθρίσγης·
431 3921 651 3997 ἀβλεστίναιςΒ
678 3928 1260 3998 Διαστισονηαβοιςτεραςαυτικαποθηγρη-

95 4011 278 4084 ῦσλβεστρινες
289 4009 311 4064 G
322 4006 494 4082 ἀραστιζκδν.
518 4007 703 4082 λαβοκτέραςε
722 4006 829 4080 ἀγηκα;
847 4027 980 4082 πιοιγριςι
1000 4007 1199 4082 ἀβλέστρινεςι
1217 4008 1241 4063 Ι)
1256 4011 1259 4074 Ι

95 4091 126 4146 22
142 4096 224 4167 Φαρᾶ
245 4095 269 4149 Ι)
292 4097 394 4167 Φαρᾶν
412 4095 435 4149 Β
458 4091 583 4166 Φαράθ
606 4093 702 4166 Φαρές
723 4095 744 4148 F
767 4096 771 4163 Ι
796 4095 834 4150 26
857 4091 1110 4167 ἀνθρωττολατρεΐν
1132 4093 1177 4148 BF
1201 4089 1261 4149 ἀνῶ

95 4177 259 4250 imave
277 4176 559 4252 ἀνθρωπολατρὴνλ)
583 4181 587 4247 Ι
609 4179 647 4234 26
664 4178 810 4244 namugo
827 4177 937 4243 πάντας
947 4178 995 4234 BD
1013 4177 1118 4243 πάντες
1134 4177 1156 4232 F
1179 4179 1183 4243 Ι
1209 4179 1261 4232 Μι-

97 4261 225 4334 θροβάδην
243 4263 324 4330 0Qa¹
341 4261 539 4336 Μηθροβάδην
556 4263 605 4318 BD
623 4262 804 4336 Μιθριβάδην
822 4262 842 4316 C
865 4261 1046 4334 Μιθρυβάδιν
1064 4261 1085 4314 F
1103 4260 1261 4334 Μηθραβά-

96 4345 172 4411 ίηνθ
189 4346 383 4422 Μητροβάδην
398 4347 462 4402 ΗΝι
487 4352 491 4413 Ι
515 4347 552 4404 27
569 4342 730 4420 Ἂρρινάτου
747 4348 790 4402 FO
806 4342 950 4420 Ἂρινάτου
968 4347 1015 4400 ΑΙ)
1033 4340 1201 4418 Ἄρρηνάτον
1213 4347 1261 4400 BG

99 4421 245 4500 Ἀρρενάτου
264 4431 406 4498 cHN¹Qa¹
421 4433 425 4500 Ι
440 4431 622 4502 κεντηνάριαι
641 4431 802 4504 κεντινάρια
820 4432 868 4487 BD
886 4434 1015 4496 κεντίνας
1032 4431 1082 4485 CF.
