3090 4986
243 472 280 532 14
390 521 393 528 ,
712 463 799 518 Adoll
815 463 952 519 Earuack.

240 630 419 698 Naohricht
443 633 521 697 liber
547 633 597 695 die
619 631 834 696 Montanisten
861 632 986 698 scheint
1008 634 1058 697 sin
1080 632 1171 698 Lioht
1192 634 1249 697 auf
1267 633 1324 696 das
1346 633 1422 696 selt-

240 753 326 795 same
342 731 697 816 „Religiousgesprdch‘⁴
719 733 784 796 und
804 733 904 797 damit
924 732 1056 796 indirect
1077 733 1159 820 auch
1182 733 1238 797 auf
1257 731 1307 796 die
1321 733 1422 796 Aber-

239 823 471 897 cius=luachrift
492 855 532 895 zu
553 833 679 898 werfen.
709 833 776 896 suf
794 831 854 896 alle
869 830 956 895 Fiille
976 831 1019 897 ist
1040 833 1095 896 der
1116 831 1148 894 in
1165 831 1219 896 der
1234 832 1422 896 arabischen

238 929 505 1016 Ueberliaferung
530 931 688 995 entstellte
716 933 779 994 und
806 931 903 996 daher
924 931 1123 997 missachtete
1144 931 1283 1015 Katalog
1305 931 1423 998 wieder

238 1031 271 1094 in
293 1032 378 1095 scine
392 1029 514 1096 Rechts
535 1035 661 1115 gesetzt.

321 1147 383 1213 Zur
397 1147 634 1231 Verglcichung
649 1147 723 1232 llige
745 1147 797 1212 ich
818 1150 878 1210 dan
899 1148 1118 1230 interpolirteu
1139 1148 1325 1213 arabischeu
1339 1147 1423 1212 Text

238 1252 293 1313 des
315 1249 469 1332 Katalogs
492 1246 546 1311 des
570 1246 694 1311 Merula
716 1247 780 1327 bei,
802 1247 861 1310 wie
883 1246 940 1309 ihn
961 1248 1149 1313 Abraham
1171 1247 1420 1314 Eucheleusis

241 1348 407 1412 lateinisch
429 1347 635 1432 magerbein,
663 1346 784 1410 Mansi
806 1346 861 1410 ihu
883 1346 916 1409 in
938 1346 987 1410 die
1010 1345 1126 1414 Concih
1141 1347 1210 1414 Om.
1224 1349 1331 1433 Amph
1347 1347 1420 1413 Col·

237 1447 332 1512 lectio
354 1447 385 1512 II
407 1470 437 1530 p.
455 1447 572 1514 1056ff.
594 1447 838 1530 auigenommen
862 1445 925 1510 hat.
963 1445 1046 1523 „Der
1067 1449 1230 1513 arabisohe
1251 1447 1331 1512 Text
1352 1452 1421 1512 ent·

238 1551 369 1611 stammt
398 1545 516 1611 hlichst
545 1544 804 1610 wahrscheinlich
840 1547 926 1610 einer
958 1547 1166 1631 dgyptischen
1201 1547 1421 1628 Handschrift,

238 1647 287 1710 die
309 1646 385 1710 aber
406 1647 505 1711 solbat
527 1649 641 1732 gerade
662 1665 698 1709 so
721 1645 779 1710 wie
800 1647 851 1708 die
873 1667 936 1710 von
957 1646 1023 1710 ihm
1047 1647 1099 1711 fiir
1113 1647 1162 1711 die
1180 1645 1420 1734 Uebersetaung

237 1751 292 1811 der
313 1745 461 1810 Canoneu
499 1747 654 1822 benutzte,
694 1745 754 1809 auf
779 1745 847 1809 eine
883 1746 1022 1830 syrische
1053 1745 1161 1822 Quelle
1198 1748 1419 1834 zursrclrgehen

236 1867 335 1921 musa,
366 1847 406 1910 da
436 1845 503 1910 sich
534 1852 623 1910 sonst
651 1845 701 1909 die
728 1843 894 1926 specifisch
925 1845 1066 1929 syrisohe
1097 1845 1248 1930 Fdrbung
1272 1847 1420 1934 (Qoquya

236 1946 460 2030 Borborianer)
481 1946 570 2010 nicht
590 1945 734 2010 erkltireu
755 1944 863 2008 liesse“
885 1945 1021 2028 (Braun
1043 1944 1074 2010 S.
1092 1945 1151 2028 16).

323 2161 417 2216 Prima
434 2161 548 2215 istorum
566 2164 640 2215 secta
657 2159 915 2214 Sabbatinorum
934 2159 1034 2214 dicitur
1055 2178 1088 2215 ex
1107 2161 1229 2230 reliquiis
1249 2163 1419 2218 Judaeomm

237 2247 286 2315 qui
306 2247 414 2318 impuro
436 2246 517 2300 corde
537 2244 719 2299 Christianam
742 2245 893 2315 amplexati
915 2249 979 2300 sunt
995 2245 1086 2300 fidem.
1115 2247 1301 2302 Affirmabant
1317 2249 1418 2320 quippe

237 2331 350 2399 aequius
368 2348 427 2385 esse
444 2331 591 2385 sabbatum
608 2331 760 2396 observare,
780 2331 903 2384 venerari
921 2347 953 2384 ac
970 2329 998 2384 iu
1018 2349 1049 2386 ao
1067 2331 1200 2386 sacrificia
1217 2332 1315 2388 offerre
1332 2351 1418 2402 quam

235 2417 309 2471 diem
328 2416 507 2481 dominicum,
525 2415 592 2482 quia
608 2432 641 2470 eo
659 2414 717 2488 dial
735 2415 872 2479 dicebaut,
899 2415 964 2470 deus
987 2415 1137 2484 complevit
1152 2417 1328 2486 absolvitque
1344 2434 1419 2474 crea·

234 2505 357 2555 turarum
377 2517 446 2570 opus
465 2503 492 2553 et
509 2499 651 2552 benedixit
666 2499 745 2552 illum
764 2502 847 2568 atque
869 2500 1013 2570 praecepit,
1031 2504 1063 2554 ut
1086 2500 1229 2564 coleretur,
1256 2506 1285 2555 et
1307 2504 1418 2571 requies

234 2588 264 2640 in
276 2604 308 2641 eo
321 2585 362 2653 ab,
374 2585 501 2655 operibus
518 2587 546 2637 et
562 2583 704 2636 laboribus
721 2586 870 2654 caperetur.
896 2583 996 2638 Verum
1009 2585 1089 2639 obliti
1101 2591 1180 2640 erant
1196 2585 1241 2640 isti
1259 2586 1303 2640 dei
1323 2605 1420 2644 vocem

235 2689 283 2741 per
300 2669 402 2723 Isaium
421 2668 581 2738 prophetam
599 2667 640 2722 ita
656 2671 867 2724 contestantem:
891 2668 977 2735 „Odio
995 2671 1095 2724 habuit
1112 2669 1206 2723 anima
1222 2687 1286 2724 mea
1302 2673 1421 2728 sabbata

237 2758 327 2810 vestra
339 2757 367 2808 et
383 2752 540 2807 neomenias
558 2755 673 2816 vestras,
697 2756 724 2805 et
741 2752 815 2806 lacta
832 2757 896 2807 sunt
913 2754 981 2807 mihi
999 2755 1102 2823 gravia
1134 2755 1166 2807 In
1182 2753 1232 2808 illo
1251 2755 1295 2808 die
1313 2772 1420 2813 cessare

235 2840 336 2894 faciam
362 2839 456 2893 omnia
481 2837 600 2891 sabbata
622 2842 710 2891 vestra
733 2843 761 2891 et
784 2837 856 2892 dabo
881 2839 959 2893 vobis
978 2856 1078 2892 novam
1096 2838 1186 2907 legem
1204 2837 1335 2904 electam,
1362 2858 1420 2894 non

235 2925 306 2978 sicut
323 2941 393 2988 eam,
412 2940 495 2990 quam
514 2921 642 2976 dederam
653 2922 741 2991 Moysi
757 2939 835 2978 servo
853 2939 914 2976 meo
935 2923 963 2976 in
976 2923 1083 2977 Choreb
1096 2922 1140 2976 dis
1151 2923 1246 2990 magni
1258 2928 1419 2990 conventus.

235 3009 282 3064 sed
300 3025 402 3064 novam
420 3008 511 3076 legem
529 3007 644 3061 electam
663 3007 772 3061 mittam
788 3007 866 3060 vobis
884 3025 899 3061 e
920 3007 1009 3062 Sion“.
1033 3007 1075 3060 Ex
1093 3008 1322 3074 quaauctoritate
1335 3009 1419 3078 plane

234 3097 357 3164 apparet,
374 3094 464 3160 legem
483 3092 578 3145 datam
600 3093 629 3144 in
647 3093 741 3146 monte
759 3091 878 3158 Choreb,
902 3092 1052 3145 Mosaioam
1070 3091 1187 3156 scilicet,
1209 3108 1266 3145 una
1287 3109 1349 3146 cum
1368 3095 1418 3148 ob·

233 3179 386 3232 servatione
409 3175 530 3240 sabbabi,
557 3175 769 3230 circumcisionis
787 3175 958 3244 aliarumque
976 3175 1230 3239 caeremonialium,
1249 3193 1332 3242 quam
1350 3181 1418 3231 tunc

234 3263 354 3324 dederat,
382 3263 439 3315 iam
468 3262 631 3330 abrogatam
657 3276 715 3314 esse
740 3259 837 3326 illique
863 3260 1021 3314 successisse
1048 3261 1139 3328 legem
1165 3276 1266 3313 novam
1293 3276 1377 3328 quam
1399 3280 1418 3316 a

233 3347 340 3401 Christo
358 3345 471 3398 domino
489 3345 641 3414 accepimus
659 3345 688 3397 in
706 3343 771 3398 Sion
788 3361 835 3414 per
857 3348 968 3398 sanctos
991 3344 1136 3414 apostolos.
1166 3343 1210 3399 Ad
1228 3344 1297 3398 haec
1315 3361 1416 3400 assere·

233 3431 302 3485 bant
313 3430 449 3484 Moesicas
460 3429 530 3498 legis
547 3429 691 3483 lectionem
710 3428 854 3496 evaugelio
872 3431 900 3481 et
918 3427 1043 3482 omnibus
1061 3429 1127 3482 novi
1143 3429 1318 3483 instrumenti
1336 3429 1415 3484 libris

232 3517 261 3569 in
280 3514 394 3569 ecclesia
411 3531 468 3568 esse
492 3513 705 3584 praeferendam,
724 3513 958 3566 circumcisionem
970 3513 1044 3567 haud
1057 3530 1113 3568 esso
1127 3513 1290 3582 abrogatam
1302 3515 1415 3583 eiusque

232 3603 376 3671 propterca
397 3617 476 3652 usum
499 3601 527 3652 et
549 3597 752 3651 observantiam
770 3597 890 3665 graviter
912 3596 1093 3652 inculcabant
1134 3598 1235 3651 Verum
1257 3596 1338 3652 huius
1355 3617 1414 3654 seu·

232 3685 335 3740 tentiae
361 3684 453 3752 arguit
478 3699 524 3736 eos
551 3685 615 3736 deus
643 3699 690 3752 per
714 3683 877 3752 prophetam
903 3681 1007 3736 dicens:
1035 3683 1080 3750 „in
1106 3682 1156 3735 illo
1183 3683 1226 3736 die
1249 3683 1416 3738 maledicam

232 3787 343 3824 omnem
355 3767 543 3821 circumcisum
561 3783 593 3820 cx
611 3768 700 3820 Busan
719 3769 747 3820 ab
764 3767 899 3820 Haman“.
929 3767 1034 3821 Similia
1052 3767 1086 3820 de
1103 3766 1346 3821 caeremonialium
1363 3785 1415 3822 usu

233 3855 370 3908 dicebant.
402 3852 508 3906 Pascha
524 3851 600 3906 iuxta
618 3851 716 3905 veteris
734 3850 803 3920 legis
821 3867 926 3906 morem
944 3854 972 3904 et
989 3853 1124 3905 statutum
1142 3867 1200 3904 esse
1217 3851 1415 3906 celebrandum

231 3937 445 4002 contendebant,
467 3954 500 3990 ex
519 3953 551 3989 eo
563 3937 687 4005 strophas
699 3938 728 3989 et
738 3936 859 3989 rationes
870 3938 1001 3996 texentes.
1019 3935 1093 4004 quod
1105 3952 1207 3988 novum
1219 3939 1415 3991 testamentum

231 4023 316 4077 veteri
342 4039 399 4074 non
427 4021 464 4074 sit
489 4019 651 4090 oppositum.
681 4018 717 4074 Et
743 4019 855 4087 quidem
882 4020 1009 4090 quamvis
1031 4019 1072 4074 ita
1095 4018 1273 4082 iudaizarent,
1301 4037 1330 4074 se
1355 4037 1414 4076 esse

230 4123 309 4161 veroa
326 4106 495 4159 Christianos
517 4105 720 4174 praedicabant.
757 4103 793 4159 Et
815 4104 844 4158 hi
868 4122 933 4158 sane
955 4107 1019 4158 sunt
1041 4105 1075 4157 de
1097 4103 1195 4172 quibus
1217 4104 1258 4158 ait
1274 4105 1414 4175 apostolus

231 4192 344 4245 Paulus:
363 4189 482 4258 „Cavete
499 4191 535 4242 ab
553 4207 633 4260 opere
651 4189 731 4252 malo,
750 4191 845 4243 cavete
863 4208 879 4243 a
897 4189 1128 4254 circumcisione“,
1146 4205 1207 4242 cum
1225 4189 1338 4258 reliquis
1356 4207 1413 4243 om·

230 4275 311 4328 nibus
329 4293 346 4328 a
364 4274 462 4344 quibus
480 4291 529 4328 nos
546 4290 643 4328 cavare
660 4277 761 4326 monet

298 4359 423 4414 Secunda
434 4360 508 4412 secta
520 4361 561 4411 est
572 4358 813 4412 Simonitarum
826 4377 843 4412 a
854 4359 965 4412 Simone
975 4359 1059 4427 Mago
1071 4376 1150 4412 suam
1161 4358 1263 4412 ducens
1275 4357 1412 4426 originem

230 4449 258 4497 et
277 4459 385 4498 nomen.
404 4443 455 4497 Hic
472 4443 560 4496 sancti
578 4441 687 4511 spiritus
705 4443 823 4510 gratiam
840 4444 956 4513 pecunia
973 4459 1062 4498 amera
1089 4446 1244 4513 pertentare
1260 4444 1302 4496 est
1322 4459 1413 4498 ausus.
