3136 4984
241 451 280 512 26
711 447 798 502 Adolf
811 447 947 501 Hamaclr.

239 615 324 675 trum
346 617 533 690 nostrorum,
556 616 631 677 deur
655 614 888 698 prophetarum,
910 617 988 678 deus
1003 615 1227 698 apostolorum,
1249 617 1323 682 deus
1338 639 1419 681 mar·

240 715 357 794 tyrum,
381 712 436 795 qui
458 733 490 777 es
513 717 544 776 et
565 713 652 776 fuisti
674 721 746 778 ante
767 715 876 778 mundi
896 715 1150 797 dispositionem,
1172 717 1248 780 deus
1269 717 1421 790 rivorum,

239 815 391 874 venturus
413 811 551 877 iudicare
572 812 660 876 vivos
684 818 715 898 et
737 818 893 879 mortuos:
916 814 969 899 qui
992 837 1025 878 es
1048 819 1123 880 deus
1138 837 1239 895 verax,
1261 817 1316 900 qui
1330 817 1419 881 sedes

239 933 333 994 super
348 911 525 989 Cherubim,
548 914 602 994 qui
624 914 775 996 prospicis
797 915 927 998 abyssos
953 919 984 978 et
1007 915 1093 978 vides
1108 922 1221 980 cuncta
1236 917 1418 1000 priusquam

238 1016 417 1088 nascantur,
440 1011 492 1095 qui
516 1012 613 1076 habes
638 1017 843 1096 postestatem
867 1015 1056 1078 mortificare
1079 1020 1111 1079 et
1124 1015 1239 1080 iterum
1255 1015 1421 1092 vivificare,

241 1111 307 1195 [qui
333 1111 432 1174 habes
458 1115 647 1194 potestatem
673 1113 814 1178 occidere
844 1119 876 1177 et
900 1114 1108 1194 resuscitarel,
1136 1115 1190 1198 qui
1212 1115 1310 1179 babes
1331 1120 1420 1198 pote·

240 1216 355 1276 statem
382 1213 419 1274 de
447 1211 535 1274 arido
558 1212 657 1276 viride
678 1213 791 1278 facere.
835 1213 882 1276 Tu
906 1214 1045 1277 omnium
1068 1213 1212 1278 dominus
1234 1214 1422 1291 dominator,

239 1311 338 1376 libera
364 1333 414 1374 me
442 1311 480 1375 de
501 1313 563 1375 hoc
584 1312 708 1374 saeculo
731 1317 762 1375 et
784 1313 896 1376 exaudi
918 1333 968 1375 me
991 1319 1141 1392 orantem,
1161 1315 1242 1378 siout
1264 1315 1422 1378 exaudisti

239 1410 323 1474 lilios
338 1411 436 1475 Israel
458 1415 496 1474 de
519 1417 603 1474 terra
617 1413 764 1494 Aegypti,
788 1417 819 1474 et
840 1433 902 1475 non
925 1410 986 1475 tibi
1001 1411 1199 1477 crediderunt
1215 1435 1272 1476 neo
1289 1415 1423 1493 [obedie-

239 1514 324 1591 runt]
347 1511 467 1574 famulo
489 1516 545 1574 tuo
567 1510 679 1594 Moysi.

323 1619 351 1678 2.
366 1611 433 1674 Vae
448 1613 586 1694 peccatis
601 1610 691 1688 meis;
708 1633 779 1675 cum
794 1615 825 1674 te
839 1611 993 1675 levaveris
1009 1611 1207 1695 confringere
1221 1617 1345 1692 terram,
1360 1614 1422 1677 sub

240 1733 302 1794 qua
323 1711 435 1774 fissura
449 1715 609 1793 petrarum
624 1733 674 1774 me
690 1711 901 1774 absconsurus
916 1733 986 1774 sum
1002 1712 1041 1774 ab
1056 1715 1130 1775 ante
1144 1712 1293 1776 virtutem
1311 1716 1423 1777 tuam?

240 1811 291 1874 oui
312 1811 412 1874 monti
436 1810 576 1874 dicturus
598 1833 681 1874 snrn:
704 1811 780 1875 cade
802 1831 897 1892 super
917 1833 974 1888 me,
997 1815 1028 1875 et
1050 1811 1100 1875 oui
1120 1811 1206 1875 colli:
1228 1817 1301 1896 tege
1316 1835 1365 1876 me
1381 1815 1423 1877 ab

240 1916 312 1974 ante
327 1917 445 1975 metuvn
461 1909 601 1973 domini?
632 1910 774 1988 Domine,
789 1911 919 1975 subveni
935 1911 1027 1975 mihi:
1043 1911 1109 1974 noli
1125 1911 1296 1976 secundum
1314 1917 1422 1976 actum

240 2033 345 2075 meum
373 2032 422 2073 me
448 2009 600 2087 iudicare3
627 2009 707 2073 nihil
734 2009 818 2073 enim
844 2010 876 2074 in
903 2011 1077 2093 praeceptis
1098 2011 1162 2074 tuis
1183 2012 1283 2093 parui.
1307 2012 1424 2076 exaudi

240 2134 290 2175 me
313 2115 469 2190 orantem,
496 2109 578 2172 sicut
604 2109 758 2174 exaudisti
780 2110 896 2174 Jonam
925 2110 962 2174 de
988 2109 1092 2174 ventri
1120 2110 1193 2187 ceti;
1219 2109 1283 2173 eice
1311 2131 1361 2174 me
1384 2114 1425 2175 de

240 2216 339 2274 morte
362 2209 401 2274 ad
423 2210 528 2288 vitam,
550 2208 633 2274 siout
647 2208 809 2274 Ninivitae
831 2209 1007 2273 induerunt¹
1022 2210 1156 2273 cinerem
1180 2213 1212 2272 et
1233 2209 1370 2272 cilicium
1392 2217 1425 2274 et

240 2313 466 2395 paenitentiam
502 2313 643 2392 egerunt.
684 2309 930 2393 Exomologesin
961 2309 1079 2372 faciens
1110 2315 1183 2372 aute
1218 2313 1426 2391 conspectum

240 2417 329 2475 tuum
360 2432 417 2494 pro
449 2408 602 2472 universis
629 2410 764 2491 peccatis
792 2409 881 2487 meis,
912 2409 967 2492 qui
997 2431 1029 2472 es
1056 2417 1178 2472 amator
1202 2409 1425 2491 paenitentiae,

241 2511 387 2574 miserere
410 2507 479 2572 mei.
501 2510 557 2570 sed
579 2513 610 2572 et
632 2507 735 2572 David
757 2509 845 2573 dicit:
868 2508 1019 2587 „Domine
1042 2511 1174 2592 propter
1195 2529 1309 2571 nomen
1331 2515 1424 2572 tuum

242 2611 309 2674 dele
331 2612 494 2692 peccatum
517 2611 651 2686 meum“,
674 2612 711 2671 'et
733 2629 791 2692 ego
815 2613 983 2690 deprecans
1011 2609 1205 2671 maiestatem
1227 2613 1314 2670 tuam
1337 2609 1426 2688 „dele

241 2711 386 2774 universa
408 2712 535 2792 peccata
555 2711 654 2784 mea“,
683 2713 714 2771 et
736 2708 849 2771 exaudi
871 2729 920 2772 me
942 2711 1096 2786 orantem,
1118 2707 1199 2770 sicut
1221 2708 1337 2771 audisti
1359 2715 1426 2772 tres

240 2830 354 2894 pueros
385 2809 423 2870 de
453 2807 575 2872 camino
608 2807 689 2890 ignis
719 2806 878 2870 Ananiam
908 2807 1052 2870 Anarianr
1084 2805 1212 2882 Misael,
1249 2811 1280 2870 et
1310 2806 1424 2870 misisti

241 2909 386 2992 angelum
400 2912 491 2969 tuum
506 2927 577 2971 cum
592 2907 699 2970 nimbo
723 2906 813 2980 roris,
837 2911 868 2970 et
891 2906 1037 2970 confusus
1061 2912 1109 2969 est
1124 2903 1427 2971 Nabuchodonosor

240 3007 437 3091 praepositus
467 3005 570 3089 regni:
602 3005 750 3088 quoniam
782 3011 817 3068 tu
848 3028 881 3068 es
911 3028 965 3068 rex
992 3005 1191 3088 regnantium
1218 3008 1249 3069 et
1275 3005 1423 3069 dominus

240 3106 483 3184 dominantium,
511 3105 565 3188 qui
595 3105 681 3168 solus
708 3105 806 3168 habes
828 3105 1097 3188 immortalitatem
1119 3109 1151 3168 et
1172 3093 1274 3168 lucem
1297 3103 1422 3169 habitae

239 3205 499 3284 inaccessibilem,
536 3227 628 3289 quem
660 3225 753 3268 nemo
778 3205 947 3268 bominum
978 3204 1057 3268 vidit
1087 3225 1145 3268 nec
1174 3205 1278 3268 videre
1308 3209 1423 3286 potest.

241 3306 353 3371 exaudi
376 3327 426 3370 me
448 3309 599 3386 orantem,
622 3305 704 3368 sicut
726 3303 882 3367 exaudisti
905 3303 1071 3367 Danielum
1094 3303 1133 3366 de
1154 3304 1223 3369 lacu
1247 3302 1376 3366 leonum
1389 3309 1422 3368 et

239 3406 353 3470 misisti
383 3406 557 3469 Ambacum
588 3403 791 3487 prophetam,
824 3409 856 3467 et
883 3395 995 3466 adtulit
1021 3405 1049 3466 ei
1076 3403 1243 3486 prandium
1271 3407 1302 3467 et
1328 3404 1421 3467 dixit:

241 3506 381 3586 „Prande
404 3505 579 3589 prandium,
602 3503 687 3588 quod
709 3502 769 3568 tibi
791 3503 876 3566 misit
892 3505 992 3568 dous“.
1031 3501 1074 3568 Et
1089 3501 1168 3566 dixit
1182 3502 1307 3567 Daniel:
1330 3503 1421 3583 „Non

240 3604 429 3688 derelinquit
461 3604 605 3668 dominus
636 3607 819 3686 quaerentes
846 3609 905 3670 se“.
936 3603 1049 3668 exaudi
1076 3624 1127 3666 me
1154 3606 1310 3680 orantem,
1340 3603 1423 3668 sicut

241 3705 396 3770 exaudisti
418 3703 549 3768 Tobiam
576 3709 608 3767 et
630 3703 755 3767 Sarram
783 3707 858 3766 dum
885 3707 1012 3767 orarent
1037 3702 1071 3766 in
1095 3701 1173 3766 atrio
1201 3702 1311 3766 domus
1333 3724 1422 3767 suae:

240 3810 316 3869 tuno
339 3803 454 3868 obtulit
474 3825 532 3886 pro
555 3803 599 3867 eis
621 3801 765 3885 Raphael
787 3802 918 3885 angelus
941 3801 1099 3866 orationes
1121 3823 1242 3866 eorum:
1264 3802 1310 3866 sio
1333 3806 1366 3866 et
1386 3809 1420 3866 tu

240 3903 390 3967 exaudiar
417 3924 525 3985 preces
552 3925 637 3967 meas
665 3907 697 3966 et
719 3904 870 3966 admittas
892 3905 931 3965 ad
953 3901 1058 3964 aulam
1080 3905 1220 3966 sanctam
1242 3906 1331 3966 tuam
1354 3925 1420 3967 ora·

210 3997 211 4003 ἵ
240 4003 342 4068 tiones
364 4023 457 4082 meaa,
480 4007 510 4066 et
534 4003 705 4082 [continuo]
728 4002 834 4065 mittas
857 3999 1005 4084 angelum
1028 4005 1126 4078 tuum,
1149 4000 1205 4084 qui
1227 3999 1332 4065 deleat
1352 4003 1422 4065 uni-

240 4125 331 4166 versa
353 4103 519 4166 commissa
542 4125 625 4179 mea,
651 4102 731 4167 siout
758 4099 867 4166 delesti
895 4098 1039 4182 spiritum
1066 4100 1265 4166 immundum
1286 4122 1306 4164 a
1328 4099 1422 4166 Sarra

241 4201 306 4266 filia
328 4201 463 4286 Raguel,
491 4205 542 4282 [etl
570 4202 737 4266 inlumines
764 4221 959 4280 cormeum,
986 4198 1069 4264 sicut
1090 4198 1289 4264 inluminasti
1312 4199 1421 4264 oeulos

241 4300 369 4367 Tobiae.
384 4302 560 4366 exaudime
576 4307 727 4374 orantem,
753 4303 835 4366 sicut
851 4299 1007 4364 exaudisti
1023 4299 1198 4366 Susannam
1211 4298 1294 4364 inter
1308 4319 1421 4364 manus

241 4402 412 4479 seniorum,
440 4403 484 4464 sio
511 4406 542 4464 et
564 4422 613 4464 me
642 4401 754 4464 liberes
777 4400 816 4462 ab
839 4399 899 4464 hoc
920 4399 1059 4476 saeculo,
1090 4399 1164 4483 quia
1184 4402 1220 4462 tu
1243 4418 1277 4462 ea
1298 4403 1422 4464 amator
