3090 4986
237 482 294 536 Der
312 480 547 550 Kaisar-Matalog
564 480 610 536 des
628 479 754 534 Biechofs
773 479 881 533 Matuta
898 496 952 534 von
969 477 1153 549 Maipherlrat.
1260 455 1297 552 15

110 650 190 704 Hunc
201 665 335 718 sequaces
347 647 485 704 Simonem
503 648 657 718 apostolum
670 648 807 701 vocabant
824 665 942 716 eumque
961 665 1018 702 esse
1030 647 1074 702 dei
1086 649 1174 704 filium
1186 651 1297 718 eiusque

111 735 284 790 reconditam
303 733 433 788 virtutem
455 731 697 802 blasphemabant,
723 732 841 800 ideoque
863 731 1031 802 appellatum
1053 731 1136 788 fuisse
1157 734 1297 790 Simonem

114 819 253 880 dicebant,
272 819 290 872 i.
302 835 338 872 e:
362 811 550 882 obedientem,
571 817 637 884 quia
659 817 782 872 obedivit
799 817 870 887 patri
888 817 1009 872 urittenti
1028 817 1105 871 illum
1123 821 1159 874 ad
1177 827 1298 879 nostram

110 905 238 960 alutem.
275 901 401 972 Apostoli
422 918 518 956 verum
541 903 613 955 hunc
635 901 773 955 vocabant
794 901 933 956 Simonem
951 903 1075 972 Magum,
1102 905 1167 972 quia
1190 908 1298 978 magiae

110 1007 224 1060 operam
240 985 367 1040 navabat
383 990 411 1041 et
428 986 518 1040 multa
536 1003 616 1056 opere
634 985 742 1055 magico
760 987 936 1057 perpetrabat
953 987 1031 1054 mira,
1049 1005 1081 1042 ao
1098 989 1170 1044 iuter
1188 997 1296 1047 caetera

111 1075 176 1128 iecit
194 1072 248 1127 sibi
266 1089 386 1133 currum,
403 1087 458 1138 quo
477 1087 525 1140 per
543 1087 606 1124 aera
624 1087 641 1124 a
659 1071 840 1124 daemonibus
857 1071 981 1126 ferretur.
1006 1071 1094 1127 Huius
1106 1091 1198 1128 rerum
1209 1081 1297 1146 gesta-

111 1177 170 1212 rum
189 1156 315 1210 umratio
333 1155 450 1208 refertur
473 1155 503 1207 in
526 1153 596 1208 libro
614 1157 747 1208 Actorum
769 1156 955 1224 apostolorum
973 1156 1047 1212 Petri
1070 1161 1099 1212 et
1116 1160 1204 1215 Pauli.
1239 1161 1298 1216 Sibi

110 1245 204 1296 sutem
223 1240 321 1311 perfidi
340 1240 385 1294 isti
403 1239 577 1309 evangelium
595 1238 766 1306 effinxerunt,
784 1241 857 1308 quod
874 1242 903 1294 in
924 1243 1055 1310 quattuor
1075 1245 1164 1298 tomos
1176 1251 1298 1302 meantes

112 1327 228 1380 Librum
259 1327 391 1392 quattuor
419 1323 585 1392 angulorum
619 1327 647 1377 et
675 1324 816 1378 cardinum
846 1326 942 1380 muudi
971 1327 1152 1397 appellarunt,
1198 1332 1298 1388 Omnes

112 1410 223 1480 magiae
241 1425 354 1478 operam
374 1413 480 1478 navant
501 1409 633 1478 illamque
651 1411 785 1471 tutantur,
807 1410 956 1480 pendentia
973 1428 987 1466 e
1005 1411 1077 1465 collo
1094 1415 1233 1481 gestantes
1251 1417 1298 1471 tila

112 1496 211 1550 eoloris
235 1493 309 1548 rubri
333 1497 363 1548 et
384 1492 490 1547 rosacei
512 1493 666 1562 insignum
685 1493 759 1564 pacti
777 1511 809 1548 ac
827 1495 943 1548 foederis
963 1495 1024 1550 initi
1042 1513 1103 1550 cnm
1122 1497 1234 1555 diabolo
1252 1519 1297 1556 eos

111 1582 267 1634 seducente.

199 1663 297 1718 Tertia
322 1666 395 1718 secta
420 1661 698 1744 Marcionitarum
726 1665 775 1726 est,
802 1663 849 1730 qui
876 1665 1034 1720 asserebant
1058 1671 1114 1720 tres
1140 1685 1197 1724 esse
1224 1671 1296 1740 deos,

111 1751 217 1803 bonum
254 1747 360 1801 malurn
395 1765 427 1802 ac
453 1747 575 1801 medium
599 1749 673 1801 inter
698 1751 853 1816 utrumque.
900 1749 1004 1802 ldoiroo
1032 1767 1122 1806 sacras
1151 1755 1297 1824 scripturas

112 1833 282 1901 quibusdam
311 1833 340 1886 in
369 1832 436 1886 loeis
466 1835 671 1886 commutarunt
700 1831 917 1900 addideruntque
945 1835 1089 1904 evangelio
1118 1841 1147 1892 ot
1175 1839 1297 1909 epistolis

111 1918 191 1972 Pauli
213 1913 331 1987 apostoli
351 1917 490 1985 aliquibus
507 1917 536 1971 in
554 1916 635 1984 locis,
657 1917 792 1985 quaedam
815 1933 879 1970 vero
898 1918 960 1971 loca
977 1921 1147 1975 mutilarunt.
1183 1927 1296 1994 Aposto-

110 2005 201 2056 lorum
230 2007 316 2056 Actne
343 2019 357 2055 e
384 2003 475 2056 medio
502 2003 614 2057 omnino
638 2003 806 2056 sustulerunt
831 2001 915 2054 alium
942 2002 1136 2060 substituentes
1167 2011 1297 2066 Actorum

109 2089 222 2146 librum,
236 2087 285 2154 qni
298 2086 402 2140 iaceret
412 2087 578 2156 opinonibus
589 2105 622 2142 ao
634 2087 818 2156 dogmatibus,
836 2085 970 2154 illumque
982 2093 1174 2159 nuncuparunt
1185 2093 1297 2150 Librum

110 2172 245 2242 propositi
268 2170 338 2224 finis.
378 2171 548 2226 Marcionem
570 2172 720 2242 principem
743 2170 924 2224 nominabant
947 2173 1140 2241 apostolorum,
1159 2177 1294 2232 Simonem

111 2259 226 2311 Petrum
250 2273 265 2310 e
287 2273 336 2309 suo
357 2255 445 2324 gradu
467 2259 496 2309 et
517 2257 612 2312 ordine
635 2257 819 2310 deturbantes.
851 2255 974 2309 Psalmos
997 2275 1064 2324 quos
1087 2259 1203 2316 recitent
1226 2263 1298 2318 inter
1408 2249 1413 2262 ’

110 2359 205 2412 preces
224 2340 380 2394 fundendas
393 2339 462 2393 alios
481 2340 622 2394 aDavidis
640 2339 753 2410 psalmis
772 2339 825 2392 sibi
843 2339 1015 2394 effinxerunt
1046 2341 1157 2397 Nullam
1176 2346 1297 2402 futuram

109 2425 341 2481 resurrectionem
358 2429 386 2478 et
403 2425 438 2478 de
455 2425 570 2478 mortuis
587 2425 644 2478 iam
663 2427 754 2478 aetum
773 2441 830 2478 esse
848 2425 931 2494 impie
949 2425 1092 2483 docebant.

200 2509 308 2575 Quarta
325 2511 400 2563 seem
418 2507 652 2578 sophistarum
679 2509 792 2576 dieitur,
815 2511 862 2577 qui
880 2511 977 2564 tenent
994 2511 1099 2566 animas
1117 2514 1235 2583 migrare
1254 2519 1297 2572 vel

109 2597 139 2650 in
164 2597 291 2648 iumenta
312 2594 356 2647 vel
378 2593 406 2646 in
431 2593 562 2647 homines.
598 2593 730 2647 Homines
751 2594 780 2647 iu
804 2593 906 2646 mundo
929 2611 987 2648 esse
1009 2595 1095 2650 instar
1117 2598 1198 2662 foeni,
1221 2603 1296 2656 cuius

106 2681 214 2748 aliquid
239 2678 351 2732 metitur
374 2683 403 2732 et
426 2677 531 2746 aliquid
555 2677 684 2742 nascitur,
702 2678 896 2731 asseverabant
913 2678 1074 2747 nullamque
1092 2683 1151 2737 fore
1167 2703 1297 2740 resurrec-

106 2767 212 2820 tionem
232 2763 294 2833 post
311 2762 415 2816 obitum
436 2773 484 2816 aut
501 2761 640 2827 iudicium,
659 2761 707 2816 sed
724 2763 847 2816 homiues
865 2779 974 2816 suorum
991 2768 1130 2833 gestorum
1142 2770 1294 2825 mercedem

106 2867 138 2904 ac
157 2848 313 2920 praemium
332 2847 361 2900 in
379 2846 430 2900 hoc
448 2846 551 2900 mundo
569 2851 734 2916 recepturos.

194 2933 302 2998 Quinta
324 2933 399 2984 secta
415 2931 692 2986 Manichaeorum
715 2948 816 2984 nomen
834 2931 939 2985 habene
962 2933 1092 2998 aMnuc,
1119 2937 1167 3003 qui
1185 2937 1296 2992 daemo-

106 3019 201 3071 niacus
225 3033 259 3070 ac
281 3015 382 3070 stultns
404 3016 658 3084 cognominabatur.
690 3015 776 3070 Huius
798 3019 877 3085 gesta
897 3017 918 3070 oi
942 3033 1080 3072 recensere
1103 3020 1215 3089 vellem,
1235 3041 1294 3093 pro-

106 3103 189 3156 lixior
209 3117 295 3168 quam
311 3117 361 3170 par
378 3103 420 3153 est
436 3099 505 3154 haec
522 3104 617 3154 nostra
633 3101 763 3154 evaderet
780 3101 921 3171 praefatio.
951 3103 999 3156 Isti
1018 3103 1072 3156 duo
1091 3121 1147 3158 esse
1162 3107 1295 3177 principia

106 3205 153 3240 seu
167 3187 235 3240 deos
247 3185 315 3240 duos
334 3184 498 3248 delirabant,
516 3185 618 3238 bonum
637 3203 731 3251 unum,
749 3186 852 3238 melum
871 3186 996 3244 alterum.
1023 3187 1115 3241 Bonus
1132 3195 1238 3244 creator
1255 3196 1297 3247 est

106 3271 221 3324 luminis
234 3274 262 3324 et
274 3269 416 3328 bonorum,
434 3269 524 3323 malus
537 3269 673 3323 malonem
687 3287 719 3323 ac
731 3269 913 3337 tenebrarum,
931 3271 1022 3342 plures
1035 3289 1083 3342 pro
1096 3273 1147 3327 hac
1159 3277 1295 3331 sententia

105 3355 213 3410 tuenda
232 3355 376 3408 afferentes
393 3353 521 3407 rationes.
551 3353 595 3407 Ad
613 3354 681 3408 haec
697 3355 805 3408 nullam
823 3356 966 3410 homiuum
984 3357 1106 3410 suturam
1123 3361 1294 3414 resurrectio·

106 3459 169 3495 nem
192 3455 245 3492 uec
267 3437 402 3492 iudicium
423 3453 474 3491 nec
497 3438 630 3492 bonorum
654 3439 805 3509 praemium
827 3457 877 3494 uec
901 3441 1038 3494 malorum
1061 3459 1179 3510 poenam
1198 3444 1293 3513 stipsi

107 3525 296 3578 affirmabant.
336 3523 436 3587 Solem,
464 3523 559 3575 lunam
586 3539 618 3576 ao
636 3523 688 3577 Vll
713 3525 839 3594 planetas
866 3525 967 3579 colunt
1006 3526 1156 3580 Duodecim
1185 3526 1294 3582 Zodiaci

106 3611 248 3679 signorum
279 3607 369 3660 varios
403 3607 552 3662 observant
581 3607 648 3661 situs
677 3607 746 3661 siout
776 3611 804 3661 et
832 3608 1001 3676 reliquorum
1031 3614 1165 3664 astrorum
1195 3615 1295 3678 motus,

106 3711 225 3762 qnorum
250 3693 334 3746 ductu
358 3708 419 3746 suas
442 3691 562 3746 actiones
589 3695 749 3762 temperant.
790 3693 997 3747 Matrimonium
1025 3695 1154 3748 illicitum
1181 3698 1293 3750 omnino

106 3779 220 3832 ducum.
256 3777 392 3846 Perpetuo
418 3777 596 3831 ieiunandum
624 3777 726 3840 dicunt,
755 3793 848 3831 omnes
874 3779 949 3832 cibos
975 3779 1131 3833 immundos
1148 3781 1293 3846 habentem

107 3863 271 3916 existimant
297 3861 371 3916 euim
394 3862 488 3916 omnia
514 3861 608 3914 anima
633 3861 761 3916 rationali
791 3861 918 3932 praedita
947 3881 1016 3926 esse,
1044 3864 1086 3917 uti
1121 3867 1185 3918 sunt
1210 3865 1293 3930 olera,

106 3946 223 4013 nemina,
243 3946 348 4002 fructus
370 3964 403 4001 ac
420 3946 562 4012 eiusmodi,
579 3949 609 4000 et
626 3947 707 4000 deum
726 3946 889 4000 altissimum
907 3949 962 4003 suis
980 3948 1103 4003 stultitiis
1121 3948 1204 4003 stulte
1222 3949 1293 4002 blas·

106 4032 250 4100 phemant.
287 4031 456 4101 Horosoopos
474 4034 503 4085 et
522 4031 681 4084 nativitates
706 4031 828 4099 graviter
850 4034 998 4087 observant
1015 4050 1047 4087 ao
1073 4034 1223 4086 maximam
1249 4033 1292 4086 his

106 4115 345 4172 observationibus
357 4115 492 4170 adhibent
504 4116 594 4182 iidem,
607 4116 679 4169 sicut
690 4119 719 4169 et
730 4116 846 4184 magiae,
858 4117 1099 4180 incantationibus,
1117 4118 1291 4186 astrologiae,

106 4201 262 4268 horumque
279 4201 363 4254 ductu
382 4205 410 4253 et
428 4199 530 4268 regulis
547 4199 649 4254 indicia
666 4201 757 4254 ferunt
774 4202 886 4254 naenias
906 4201 1084 4254 venditantes.

193 4285 278 4338 Sexta
295 4287 371 4338 secta
388 4283 679 4340 Paulianistarnm
699 4301 716 4338 a
733 4285 819 4338 Panlo
837 4285 1008 4340 Samosatino
1027 4286 1110 4338 dicta.
1145 4286 1192 4339 Isti
1210 4286 1291 4339 deum

105 4387 165 4424 mse
187 4386 274 4422 unum
298 4373 355 4422 tam
375 4369 524 4424 secundum
541 4371 725 4425 substantiam
742 4387 825 4438 quam
843 4371 992 4423 secundum
1010 4385 1137 4440 personas
1156 4370 1291 4432 dicebant,

106 4471 171 4508 eum
194 4453 299 4508 trinum
321 4453 433 4507 nomine
454 4455 535 4508 tenus
556 4455 768 4525 appellitabant;
797 4454 910 4508 verbum
932 4471 1020 4522 neque
1042 4473 1090 4523 per
1112 4473 1141 4507 se
1159 4455 1291 4508 muudum
