3136 4984
208 361 245 422 14
676 354 763 410 Adolf
777 353 914 410 Hamaclr.

206 520 402 586 convincitur
422 520 584 600 Amalech,
605 521 802 587 maledicitur
822 521 931 602 Judas,
1095 597 1099 604 ⁸

206 620 429 685 dehonestatur
449 621 616 701 Mambres,
638 623 840 705 cognoscitur
851 624 873 706 ¹)
895 622 990 700 Loth,

206 718 395 784 interficitur
417 717 559 797 Phineas,
580 719 750 784 dimittitur
772 721 888 804 Ophni,

205 820 321 883 timens
343 819 478 883 moritur
498 817 580 899 Heli,
601 820 819 902 comprimitur
839 822 932 902 Dina,

207 918 362 1004 decipitur
382 917 477 997 Esau,
498 919 724 1004 substringitur
745 919 831 998 Saul,

208 1019 294 1084 dolet
314 1023 352 1084 de
374 1018 458 1082 facto
481 1017 553 1096 Job,
574 1019 786 1106 interrogatur
807 1020 883 1100 Era,

207 1119 329 1198 ,nescio‘
351 1117 464 1182 clamat
486 1116 571 1196 Cain,
591 1123 718 1184 tenetur
740 1125 771 1184 et
792 1127 887 1204 negat
908 1119 1029 1188 Petrus.

209 1217 269 1284 Sed
293 1217 443 1302 quoniam
458 1217 629 1282 multorum
646 1219 837 1283 conscientia
852 1225 928 1298 erat,
949 1221 981 1285 in
997 1222 1082 1287 furto
1098 1225 1184 1307 quod
1204 1228 1272 1288 erat
1293 1227 1396 1292 susci·

208 1317 298 1402 piens
320 1317 415 1394 Raab,

210 1417 416 1501 quaerebatl)
437 1414 553 1491 Laban,
576 1417 790 1482 infamabatur
812 1417 963 1498 Susanna,

209 1516 364 1602 arguebat
385 1513 536 1594 loannes,
562 1517 700 1600 negabat
721 1515 850 1596 Rachel,

211 1614 342 1679 docebat
365 1613 500 1699 Moyses,
522 1613 700 1698 plorabat
722 1616 949 1700 Triphaena‚

212 1715 400 1780 observabat
423 1715 532 1794 Maria,
556 1714 781 1781 attendebat
802 1715 1077 1800 Onesiphorus,
1196 1733 1199 1739 '

211 1814 338 1879 tristis
361 1819 443 1878 erat
463 1813 617 1894 Paulae,
637 1815 763 1880 iurabat
782 1817 894 1895 Jacob,

213 1936 277 1978 non
301 1914 448 1980 credebat
469 1913 602 1995 Pharas,
623 1916 833 1980 mentiebatur
855 1915 1058 1996 Hieroboam,

211 2014 349 2097 pavebat
371 2011 524 2089 Susanna,
545 2014 749 2080 erubescebat
771 2013 920 2088 Rebecca

212 2113 383 2198 plangebat
404 2111 588 2178 Hieremias.

213 2213 418 2279 Postmodum
441 2213 587 2276 scrutatis
611 2214 755 2278 omnibus
777 2213 938 2278 inventum
962 2217 1011 2277 eat
1031 2213 1151 2278 furtum
1173 2219 1257 2298 apud
1279 2217 1396 2284 Benia-

213 2313 291 2392 min,
319 2312 402 2396 quod
428 2317 495 2376 erat
520 2313 552 2376 in
579 2313 770 2378 conscientia
790 2313 919 2396 Joseph.
962 2311 1024 2377 Sed
1050 2318 1257 2398 posteaquam
1278 2319 1397 2400 proba·

214 2418 281 2477 tum
305 2416 353 2475 est
374 2411 455 2496 regi,
484 2415 570 2496 quod
592 2413 700 2478 Achar
726 2413 810 2476 filius
833 2410 960 2478 Charmi
991 2411 1076 2478 solus
1102 2418 1183 2480 esset
1208 2437 1282 2480 reus
1310 2417 1399 2497 furti,

95 2593 99 2602 1
217 2511 307 2574 iussit
325 2533 396 2575 eum
412 2511 492 2575 mori
508 2512 696 2596 donavitque
711 2534 782 2576 eum
797 2513 951 2577 omnibus.
987 2511 1068 2577 Tum
1083 2513 1245 2578 occasione
1266 2521 1400 2602 accepta

217 2611 338 2694 primus
361 2611 502 2674 omnium
828 2685 829 2690 η

217 2711 302 2776 calce
325 2732 395 2773 eum
418 2711 572 2794 percussit
594 2709 729 2793 Moyses,
750 2710 828 2774 abiit
849 2711 883 2774 in
904 2711 1104 2795 complexum
1125 2711 1235 2792 Jacob,

218 2817 359 2874 vestem
383 2806 549 2873 detraxit
572 2809 727 2884 Thecla,
750 2813 789 2872 ad
810 2813 926 2874 terram
950 2810 1033 2876 elisit
1054 2811 1176 2890 Daniel,

217 2908 321 2993 lapide
342 2909 497 2993 percussit
518 2909 628 2986 David,
650 2909 739 2994 virga
761 2910 875 2986 Aaron,

217 3009 344 3095 flagello
364 3007 466 3088 desua,
489 3009 626 3072 medium
648 3009 772 3094 aperuit
791 3007 900 3084 Judas,

218 3110 325 3173 lancea
346 3109 506 3174 transfixit
524 3109 664 3174 Eleazar.

220 3209 310 3274 Tunc
324 3208 423 3286 iussit,
445 3209 493 3272 uti
515 3209 569 3292 qui
591 3213 733 3272 mortuus
757 3213 839 3273 esset
853 3208 1048 3292 sepeliretur,
1069 3213 1102 3274 et
1122 3208 1263 3274 vendidit
1284 3232 1399 3294 agrum

220 3308 341 3386 haban,
363 3308 439 3373 emit
460 3307 636 3387 Abrabam,
658 3309 779 3392 Joseph
802 3311 1044 3372 monumentum
1065 3307 1148 3388 feeit,
1169 3312 1202 3373 et
1222 3309 1401 3375 aedificavit

220 3407 250 3472 N
253 3409 358 3487 achor,
380 3413 521 3472 aromata
535 3407 687 3489 imposuit
701 3408 812 3486 Maria,
837 3407 929 3471 clusit
942 3405 973 3470 N
975 3428 1020 3484 oe,
1035 3407 1257 3490 superscripsit
1270 3407 1402 3490 Pilatus,

220 3507 358 3590 pretium
380 3505 501 3589 accepit
515 3507 623 3584 ludas,
646 3530 709 3591 quo
731 3508 815 3571 facto
838 3509 977 3590 gaudens
1001 3507 1114 3571 elamat
1128 3505 1303 3584 Zacharias,
1327 3529 1402 3572 con-

221 3606 365 3670 funditur
386 3605 564 3682 Elisabeth,
588 3611 695 3690 stupet
716 3607 827 3687 Maria,
849 3606 972 3670 ridebat
994 3607 1032 3669 de
1053 3606 1139 3672 facto
1162 3606 1247 3671 Sara.
1289 3604 1403 3691 Expli-

224 3705 355 3790 citisque
378 3705 525 3769 omnibus
547 3708 658 3770 domos
680 3728 751 3771 suas
774 3706 975 3788 repetierunt.
998 3742 1034 3751 -

306 3838 381 3902 Wir
401 3838 507 3903 haben
533 3839 601 3902 hier
628 3839 719 3904 einen
740 3839 867 3903 Tractat
888 3861 945 3907 aus
967 3842 1023 3903 der
1044 3837 1405 3903 centones-bitterstur:

223 3938 257 4002 in
279 3937 373 4002 Form
397 3938 482 4003 einer
507 3939 737 4003 litterarischen
759 3937 924 4021 Spielerei‚
945 3939 1004 4002 wie
1030 3937 1175 4002 iihnliche
1194 3938 1275 4003 auch
1294 3937 1328 4000 in
1350 3940 1406 4002 der

224 4037 378 4122 profanen
401 4036 659 4102 Schriftstellerei
681 4042 736 4102 der
757 4043 919 4121 spitesten
934 4037 1001 4102 Zeit
1022 4037 1238 4112 vorlmmmen,
1261 4036 1351 4101 dient
1373 4059 1407 4102 er

311 4241 335 4295 ll
354 4239 487 4308 cogitur
505 4237 598 4300 Editt,
617 4237 791 4307 cognoscitur
808 4237 894 4290 habet
911 4235 1029 4292 Colbert.

311 4323 337 4389 2)
357 4323 541 4390 quaerebat
558 4322 636 4376 codd.
655 4324 792 4389 quattuor.
812 4321 1038 4389 quaerebatur
1056 4323 1120 4375 cett.
